1676 2976
864 7 883 21 S

333 71 1176 149 ΗΕΑνῇὸΝΤΙΜοΒνΜΕΝοε.
1349 91 1418 132 1⁶81

197 193 317 231 Haec
343 189 418 229 ubi
445 192 664 229 immutata
685 200 762 238 est,
781 188 843 227 illi
862 202 983 226 suum
1002 188 1188 229 animum
1211 185 1294 225 alio
1317 198 1418 223 con-

818 252 983 296 ferunt:

191 319 284 356 Nisi
322 320 355 356 si
391 328 667 370 prospectum
703 316 865 370 aliquid
899 318 1063 354 interea
1102 323 1187 364 est,
1223 311 1417 351 desertae

817 381 1017 418 vivimus:

84 450 164 496 340
189 443 325 484 Vobis
365 459 460 483 cum
495 459 583 484 uno
622 444 754 484 semel
789 442 862 482 ubi
902 432 1084 482 aetatem
1112 453 1239 496 agere
1268 438 1415 477 decre-

823 517 910 545 tum
939 516 1002 545 est
1029 508 1136 553 viro,

194 576 324 613 Cuius
361 586 453 611 mos
482 586 676 612 maxume
706 582 768 611 est
796 569 1027 610 consimilis
1056 579 1267 616 vostrum,
1294 565 1338 604 hi
1365 577 1412 604 se

817 634 872 673 ad
899 646 976 674 vos
1005 633 1243 685 adplicant:

194 701 290 738 Hoc
319 699 528 738 beneficio
560 703 730 753 utrique
758 700 949 750 utrisque
976 710 1079 736 vero
1110 694 1398 741 devincimini,

191 764 318 802 Nulla
345 773 390 801 ut
419 776 606 816 unquam
635 765 770 803 amori
799 771 942 800 vostro
971 759 1162 799 incidere
1189 761 1326 812 possit
1345 770 1413 796 ca-

813 825 990 863 lamitas.

587 890 904 938 ,Aunpmmc

188 956 346 993 Nescio
368 954 499 1001 ,alias;
538 968 607 993 me
643 953 816 1005 quidem
855 965 1024 1004 semper
1050 953 1139 990 scio
1167 949 1318 988 fecIsse
1345 961 1411 986 se-

817 1015 936 1063 dulo,
964 1025 1010 1053 ut

86 1088 162 1134 345
190 1083 249 1121 Ex
268 1082 377 1122 illius
399 1082 628 1122 commodo
648 1093 790 1117 meum
811 1091 1102 1130 compararem
1122 1076 1408 1116 commodum.

646 1145 839 1183 ΟΜΝΗ,

1315 1201 1404 1241 Ah!

185 1275 322 1328 Ergo,
360 1286 455 1311 mea
482 1270 724 1323 Antiphila,
768 1281 813 1309 tu
848 1284 963 1309 nunc
991 1269 1082 1308 sola
1109 1268 1310 1307 reducem
1338 1280 1407 1304 me

808 1337 854 1372 in
881 1336 1061 1386 patriam
1090 1333 1212 1370 sacis:

183 1402 293 1440 Nam
332 1400 433 1439 dum
468 1399 636 1447 absum,
678 1396 783 1436 mihi
824 1396 995 1436 labores
1034 1397 1206 1436 fuerunt
1243 1409 1405 1444 omnes,

808 1475 915 1514 quos
947 1462 1057 1512 cepi,
1084 1460 1215 1509 leves,

188 1531 504 1582 Praeterquam,
532 1530 593 1567 tui
624 1525 855 1566 carendum
883 1525 1002 1579 quod
1029 1534 1132 1562 erat.

653 1591 830 1630 Sravm

889 1653 1048 1692 Credo.

642 1708 677 1758 'C
686 1732 709 1756 L
721 1732 734 1756 1
746 1731 773 1755 N
782 1731 796 1754 1
806 1731 844 1755 A.

978 1779 1098 1832 Syre,
1125 1779 1191 1817 vix
1219 1772 1377 1815 suffero
1392 1777 1401 1813 !

180 1848 373 1886 Hoccine
400 1859 470 1884 me
498 1846 699 1883 miserum
726 1855 817 1881 non
844 1841 976 1881 licere
1004 1855 1104 1880 meo
1131 1839 1265 1880 modo
1284 1842 1403 1895 inge-

804 1909 923 1944 nium
950 1905 1062 1944 frui?

654 1971 680 2008 S
693 1984 717 2009 Y
726 1983 751 2008 R
761 1985 784 2008 v
796 1985 829 2009 s.

81 2043 154 2083 350
182 2036 298 2084 Imo,
326 2046 372 2074 ut
398 2044 563 2087 patrem
592 2044 709 2072 tuum
737 2033 823 2072 vidi
854 2046 903 2071 ex
931 2032 1048 2071 abitu
1074 2042 1174 2081 tuo,
1204 2035 1329 2071 etiam
1356 2046 1401 2071 se

812 2096 963 2135 durum
993 2095 1123 2137 dabit.

617 2163 863 2200 BAccms.

182 2229 389 2282 Quisnam
418 2224 487 2264 hie
517 2224 767 2264 adolescens
797 2234 875 2273 est,
905 2226 977 2279 qui
1004 2225 1183 2274 intuitur
1209 2224 1316 2263 nos?

585 2289 893 2328 ANTIPHILA.
1029 2287 1060 2312 ⁶³*
1110 2291 1121 2303 ·’

806 2351 887 2401 Ah,
912 2354 1050 2392 retine
1077 2345 1162 2402 me,
1192 2351 1396 2392 obsecro!

620 2418 854 2456 BAccms.

176 2480 355 2529 Amabo,
384 2482 489 2534 quid
516 2480 591 2519 tibi
622 2481 713 2520 est?
