1676 2976
135 35 240 150 ³
672 77 938 120 ANDRIA.
1414 73 1465 126 69

674 181 929 220 CHREMES.

248 284 264 302 .
405 245 578 283 Vtinam
606 244 651 282 id
679 246 746 292 sit,
775 242 894 296 quod
921 242 1069 294 spero!
1097 237 1205 287 Eho,
1236 236 1307 275 dic
1336 218 1457 284 mihi?

230 305 348 360 Quid
377 321 470 346 eam
499 317 585 346 tum
615 322 704 347 esse
736 306 874 345 aibat?
903 303 1103 346 suamne?

699 373 886 412 Cnrro.

1119 430 1233 469 Non.

666 500 924 539 CHREME&

817 564 966 601 Cuiam
993 555 1149 614 igitur?

695 627 729 664 C
741 639 766 663 R
776 640 789 664 1
800 639 825 664 ‘r
835 639 875 663 0.

1125 684 1277 722 Fratris
1307 680 1445 719 filiam.

657 752 913 791 Canauna

218 815 343 854 Certe
371 827 467 853 mea
496 816 577 853 est!

621 877 652 916 P
661 891 685 915 A
696 889 757 915 MP
767 890 793 914 u
805 890 820 915 1
832 890 856 915 L
868 890 892 913 v
902 889 933 914 s.

513 940 632 995 Quid
660 940 747 978 ais?

703 1004 847 1042 Sxmo.

609 1066 726 1120 Quid
746 1071 800 1104 'tu
827 1064 996 1105 autem?

610 1132 747 1170 PAMP
760 1145 786 1168 u
797 1145 811 1168 1
822 1143 920 1168 Lvs.

702 1193 851 1242 Ehem,
871 1194 1008 1246 arrige
1029 1204 1164 1239 aures,
1185 1186 1427 1240 Pamphile!

696 1259 841 1297 Snuo.

206 1320 290 1373 Qui
321 1320 487 1359 credis?

634 1387 890 1425 CHREME&

381 1447 536 1488 Phania
563 1449 637 1489 ille
664 1449 796 1488 frater
822 1462 939 1487 meus
969 1446 1059 1485 Fuit.

678 1514 830 1566 [Sumo.

982 1578 1143 1615 Noram
1172 1583 1214 1612 et
1241 1575 1343 1611 scio.

639 1643 845 1682 CHREME
859 1654 890 1679 s.

1382 1700 1419 1739 Is

96 1770 173 1817 905
200 1766 324 1815 Hinc,
354 1765 513 1808 bellum
541 1767 710 1822 fugiens
739 1781 893 1821 meque
921 1770 966 1805 in
984 1767 1126 1805 Asiam
1143 1778 1419 1818 persequens,

818 1831 1119 1883 proficiscitur;

199 1893 309 1931 Tum
338 1895 492 1933 veritus
521 1892 587 1933 hic
615 1895 857 1949 relinquere
887 1909 978 1933 eam
1000 1903 1073 1932 est.
1116 1893 1288 1932 Postilla
1305 1906 1419 1932 nunc

819 1961 1003 2012 primum
1032 1958 1175 2006 audio,

202 2020 319 2072 Quid
345 2020 420 2059 illo
448 2023 501 2060 sit
526 2020 697 2061 factum.

599 2087 910 2125 PAMannvs.

313 2149 394 2187 Vix
412 2161 503 2186 sum
523 2149 638 2200 apud
657 2164 747 2188 me:
770 2152 826 2188 ita
848 2151 1008 2188 animus
1031 2158 1265 2188 commotus
1284 2158 1414 2197 metu,

199 2210 308 2262 Spe,
348 2212 532 2265 gaudio,
559 2213 754 2252 mirando
783 2211 865 2252 hoc
894 2223 1032 2261 tanto,
1062 2223 1145 2252 tam
1172 2215 1414 2265 repentino,

819 2276 957 2316 bono!

679 2341 823 2379 Sxmo.

190 2402 286 2440 Nae
316 2412 430 2442 tuam
456 2403 717 2443 multimodis
746 2406 926 2444 inveniri
956 2419 1048 2444 eam
1076 2405 1259 2461 gaudeo.

622 2469 869 2508 CHREMES.

1251 2532 1406 2573 Credo.

1320 2848 1341 2872 m
1372 2794 1404 2839 ἢ
