1676 2976
644 93 948 135 ADELPHL
1377 104 1456 150 293

231 193 459 242 Facerem,
499 195 679 233 contrivi
714 195 761 233 in
797 192 1048 247 quaerundo
1084 195 1213 235 vitam
1240 196 1359 247 quasi
1387 205 1454 235 to-

856 267 940 296 tam
968 271 1128 296 meam:

229 321 368 368 Nunc,
398 329 541 358 exacta
571 329 724 368 aetate,
759 320 843 359 hoc
868 320 994 359 fructi
1019 335 1104 374 pro
1131 319 1280 361 labore
1308 321 1360 360 ab
1390 324 1450 361 eis

853 384 964 432 fero,

122 452 201 498 845
231 448 410 492 Odium:
447 447 520 486 ille
550 446 656 486 alter
681 448 774 486 sine
801 446 950 485 labore
978 450 1114 500 patria
1142 450 1307 500 potitur
1334 462 1448 488 com-

851 512 1002 563 qua:

227 574 349 612 Illum
387 583 542 623 amant,
579 587 649 613 me
685 573 890 628 Fugitant3
936 574 999 612 illi
1046 574 1227 614 credunt
1272 575 1449 615 consili·

851 641 1008 687 omnia,

227 701 348 739 Illum
377 700 575 754 diligunt,
604 701 718 753 apud
745 700 864 739 illum
891 713 988 741 sunt
1016 701 1164 749 ambo;
1194 716 1275 756 ego
1306 703 1448 743 deser-

850 775 913 804 tus
942 779 1055 811 sunu

226 827 361 876 Illum,
388 837 436 866 ut
461 830 587 876 vivat,
625 837 796 879 optant;
831 842 967 867 meam
998 840 1138 868 autem
1166 840 1348 869 mortem
1378 845 1446 870 ex-

848 902 1023 943 pectant
1051 893 1236 932 scilicet:

222 956 283 994 Ita
321 968 415 1003 eos,
455 968 553 994 meo
591 955 740 995 labore
779 955 955 995 eductos
992 970 1213 1006 maxumo,
1248 957 1318 997 hic
1344 958 1448 998 fecit

413 1011 417 1014 Δ
848 1033 946 1059 suos

116 1089 196 1129 850
221 1081 352 1121 Paulo
382 1092 541 1127 sumtu;
570 1084 784 1121 miseriam
815 1096 986 1122 omnem
1008 1086 1093 1136 ego'
1112 1087 1251 1136 capio,
1280 1084 1349 1124 hic
1365 1098 1447 1137 po-

846 1148 948 1185 titur
975 1147 1154 1200 gaudia:

221 1209 313 1262 Age
340 1220 455 1247 nunc
490 1211 573 1247 iam
612 1212 877 1262 experiamur
910 1208 1053 1262 porrov
1083 1221 1252 1261 contra,
1289 1213 1446 1267 ecqm'd

847 1285 930 1328 ego
958 1275 1145 1324 possiem

217 1334 380 1374 Blande
420 1334 564 1374 dicere
604 1347 678 1376 aut
702 1336 901 1391 *benigne
943 1335 1108 1385 facere,
1156 1338 1330 1390 quando
1376 1337 1443 1378 hie

843 1411 1066 1452 provocat.

216 1464 309 1517 Ego
338 1476 511 1517 quoque
540 1477 565 1502 a
590 1466 696 1504 meis
723 1478 793 1503 me
822 1466 952 1503 amari
983 1474 1024 1502 et
1050 1467 1193 1519 magni
1210 1466 1343 1518 pendi
1361 1481 1443 1519 po·

843 1526 974 1565 stulo:

217 1591 335 1629 Si.id
360 1590 407 1629 fit
435 1590 579 1629 dando
610 1600 736 1643 atque
767 1589 1072 1643 obsequendo,
1107 1605 1201 1630 non
1227 1596 1442 1644 posterio-

840 1667 906 1692 res
935 1654 1081 1694 feram.

112 1724 189 1765 355
216 1718 392 1757 Deerit?
419 1717 466 1756 id
492 1730 588 1756 mea
614 1718 802 1755 minume
829 1717 974 1766 refert,
1004 1721 1076 1771 qui
1103 1732 1195 1758 sum
1221 1728 1325 1757 natu
1349 1727 1438 1759 ma'-

842 1795 1003 1821 xumus.

463 2029 712 2080 SYRVS.
790 2030 1077 2078 DEMEA.

687 2161 856 2201 Srnv&

214 2226 344 2274 Heus,
362 2227 541 2274 Demea,
559 2234 681 2280 rogat
700 2223 843 2271 frater,
861 2237 917 2263 ne
937 2223 1060 2263 abeas
1085 2223 1268 2279 longius.
1321 2226 1373 2265 V.
1392 2240 1430 2266 2.

672 2289 712 2328 D
723 2301 744 2325 ε
754 2300 787 2325 ιι
797 2301 819 2326 Ε
829 2301 867 2326 Α.

216 2354 321 2406 Quis
350 2351 511 2392 homo?
538 2366 565 2392 o
592 2352 697 2407 Syre
724 2361 886 2398 noster,
917 2349 1049 2389 salve!
1089 2351 1194 2404 quid
1219 2351 1292 2391 fit?
1325 2353 1430 2406 quid

839 2414 1002 2468 agitur?

684 2478 711 2517 S
722 2491 814 2517 rnv
825 2491 858 2516 s.

212 2544 358 2583 Recte.
