1676 2976
565 83 870 125 ADELPHI.
1301 96 1378 134 277

155 184 277 223 Sensi
304 182 444 233 illico,
472 183 519 223 id
547 183 638 223 illas
666 185 893 237 suspicari,
929 192 995 223 set
1019 196 1089 222 me
1115 179 1374 234 reprehendi

780 258 936 295 tamen,
1301 287 1304 289 ,

153 312 218 350 Ne
248 311 352 364 quid
381 311 435 350 de
464 310 593 350 fratre
621 311 814 366 garrulae
843 310 904 348 illi
934 310 1145 358 dicerem,
1180 317 1229 347 ut
1254 283 1375 347 ἣρω-ει

158 390 163 397 ·
776 374 928 426 palam.
1380 388 1386 392 ·

150 438 276 475 Nunc
305 438 410 491 quid
436 437 617 477 faciam?
646 438 800 485 dicam,
828 438 966 476 fratris
991 450 1082 476 esse
1102 434 1225 483 hanc,
1254 433 1372 488 quod

775 503 962 539 minume
992 510 1054 538 est
1083 514 1189 552 opus

47 560 125 602 600
151 564 341 616 Vsquam
379 563 548 617 efferri?
581 563 644 602 Ac
677 566 822 609 mitto:
859 563 950 603 fieri
984 567 1098 616 potis
1130 574 1192 602 est
1235 572 1281 601 ut
1315 575 1371 601 ne

778 641 862 681 qua
891 637 1032 666 exeat:

149 691 290 743 Ipsum
317 690 363 728 id
390 699 535 729 metuo
563 700 611 729 ut
641 691 837 735 credant:
876 701 942 730 tot
975 699 1233 730 concurrunt
1260 691 1370 728 veri-

772 755 946 794 similia:

146 817 330 872 Egomet
356 818 500 869 rapui;
529 819 621 869 ipse
643 828 815 872 egomet
833 819 939 858 solvi
960 828 1197 873 argentum:
1227 817 1283 855 ad
1300 830 1369 855 me

773 882 955 920 abducta
986 892 1047 920 est
1075 881 1262 920 domum.

142 943 261 983 Haec
289 945 399 984 adeo
427 959 524 986 mea
553 945 676 998 culpa
704 945 845 984 fateor
871 945 974 983 fieri.
1017 947 1119 984 Non
1151 959 1221 984 me
1258 944 1367 983 hanc

768 1023 859 1048 rem
886 1011 1011 1061 patri,

144 1071 250 1109 Vtut
278 1081 366 1110 erat
394 1082 527 1126 gesta,
555 1073 788 1112 indicasse!
822 1086 1073 1121 exorassem,
1100 1082 1147 1111 ut
1176 1086 1270 1111 eam
1290 1072 1367 1111 du-

773 1150 925 1175 cerem.

40 1197 116 1243 605
146 1200 364 1238 Cessatum
392 1213 526 1251 usque
556 1198 694 1239 adhuc
724 1211 806 1240 est:
835 1214 950 1239 nunc
967 1213 1118 1252 porro,
1139 1195 1365 1246 Aeschine,

771 1266 1062 1317 expergiscere
1077 1266 1085 1299 i

139 1324 266 1363 Nunc
293 1323 376 1364 hoc
400 1328 609 1378 primum:
651 1327 707 1365 ad
740 1326 832 1366 illas
868 1327 968 1376 ibo,
1002 1337 1050 1366 ut
1075 1338 1258 1387 purgegx
1281 1332 1365 1365 me.

769 1392 986 1430 Accedam
1015 1390 1069 1428 ad
1095 1389 1227 1429 fores.
1253 1410 1304 1420 -

145 1453 277 1491 Perii!
307 1451 511 1495 horresco
541 1468 724 1507 semper,
751 1454 825 1493 ubi
853 1455 1018 1506 pultare
1047 1451 1174 1494 hasc'e
1191 1454 1362 1505 occipio

766 1533 907 1559 m1ser.
937 1543 989 1549 —

139 1580 255 1620 Heus
294 1579 423 1621 heus!
463 1581 698 1621 Aeschinus
736 1596 817 1636 ego
855 1597 967 1620 sum:
1014 1584 1176 1633 aperite
1213 1580 1363 1634 aliquis

765 1657 951 1684 actutum
980 1649 1156 1685 ostium!
1191 1669 1239 1676 ——

139 1707 288 1746 Prodjt
314 1710 462 1746 nescio
492 1711 610 1761 quis:
641 1709 875 1748 concedam
903 1708 998 1748 huc.

316 2026 562 2075 MIGIO.
629 2027 1074 2077 AESCHINVS.

610 2160 787 2198 M1010.

647 2223 710 2261 Ita
736 2225 799 2261 uti
828 2223 945 2270 dixti,
974 2223 1175 2273 Sostrata,
1228 2224 1299 2264 IV.
1319 2233 1358 2271 5.

35 2282 112 2321 διο
137 2283 303 2329 Facito;
340 2297 420 2337 ego
447 2283 703 2324 Aeschinum
734 2290 1007 2335 conveniam,
1040 2298 1108 2336 ut,
1137 2291 1358 2341 quomodo

765 2361 856 2389 acta
884 2349 990 2389 haec
1017 2362 1128 2402 sunt,
1156 2356 1271 2393 sciat.

142 2411 215 2450 Set
243 2414 334 2465 quis
365 2414 518 2452 ostium
546 2411 629 2451 hoc
654 2413 857 2464 pultavit?

545 2478 852 2519 Assscnmvs.

788 2543 914 2582 Pater
940 2542 1085 2583 hercle
1115 2554 1195 2592 est;
1223 2548 1357 2598 perii!
