1676 2976
612 89 916 130 ADELPHI.
1358 94 1435 143 243

206 189 321 230 Volo
350 191 458 230 scire
489 199 616 244 atque
643 190 863 230 hominem
883 192 1129 241 convenire,
1157 193 1191 231 si
1220 191 1336 244 apud
1362 191 1429 232 fo-

827 265 923 294 rum
951 264 1028 294 est.

349 505 655 554 SANNIO.
721 504 1168 555 AESCHINVS.

648 636 858 674 SANmo.

198 699 405 750 Obsecro,
433 699 687 753 populares,
715 699 824 739 ferte
852 701 1009 738 misero
1039 708 1166 752 atque
1192 702 1416 741 innocenti

821 762 1039 802 auxilium!
1294 763 1346 804 Π.
1379 779 1413 804 1.

94 831 166 872 130
193 825 421 866 Subvenite
449 829 592 880 inopi!

600 892 907 931 Atscnmvs.

462 955 612 994 Otiose
640 968 755 994 nunc
781 957 868 992 'iam
893 953 1010 992 iflico
1039 951 1107 992 hic
1135 957 1330 994 consiste.
1359 978 1412 987 —

193 1017 311 1071 Quid
345 1019 590 1070 respectas?
623 1018 685 1058 nil
718 1017 869 1071 pericli
909 1027 991 1064 est;
1033 1031 1272 1071 nunquam,
1308 1018 1410 1058 dum

814 1095 896 1135 ego
919 1081 1067 1130 adero,
1094 1080 1162 1120 hic
1190 1091 1232 1120 te
1253 1091 1410 1136 tanget.

643 1145 851 1184 Stmmo.

187 1209 280 1263 Ego
308 1207 423 1246 illam
449 1211 590 1248 invitis
620 1208 902 1248 omnibus....

594 1273 901 1311 Ansennvvs.

186 1336 443 1388 Quanquam
472 1345 534 1375 est
560 1335 777 1386 scelestus,
804 1349 896 1375 non
926 1337 1161 1375 committet
1186 1333 1331 1387 hodie,
1359 1349 1407 1378 ut

809 1401 965 1438 iterum
992 1399 1178 1451 vapulet.

634 1464 847 1503 SAmno.

182 1522 419 1575 Aeschine,
448 1527 570 1577 audi,
606 1541 663 1567 ne
691 1538 735 1567 te
762 1530 957 1582 ignarum
983 1526 1113 1567 fuisse
1142 1527 1256 1567 djcas
1282 1542 1403 1569 meo-

803 1607 898 1631 rum
924 1604 1114 1629 morum:

81 1652 301 1709 1354130'110
329 1667 413 1710 ego
440 1668 546 1694 sum.

204 1718 271 1761 fl}
328 1750 336 1756 .
582 1719 894 1757 Anscnluvs.

615 1781 729 1819 Scio.

632 1844 842 1883 SAnxno.

287 1899 348 1948 At
370 1908 431 1946 ita
456 1916 504 1945 ut
530 1920 708 1960 usquam
735 1907 816 1945 fuit
843 1906 928 1946 fide
957 1909 1180 1960 quisquam
1209 1919 1396 1962 optuma.

178 1969 248 2008 Tu
274 1970 395 2024 quod
422 1980 463 2008 te
491 1973 702 2022 posterius
729 1984 902 2026 purges,
929 1971 1047 2010 nolle
1075 1974 1134 2009 mi
1162 1970 1271 2011 hanc
1288 1977 1399 2015 iniu-

802 2049 909 2074 nam

178 2097 349 2135 Factam
379 2110 492 2146 esse,
527 2097 650 2138 huius
677 2112 769 2138 non
795 2099 1137 2141 faciamloerede
1174 2098 1276 2139 hoc:
1314 2115 1396 2157 ego

802 2177 945 2202 meum
971 2165 1035 2203 ius
1062 2177 1309 2217 persequar,

177 2225 331 2278 Neque
371 2234 415 2262 tu
450 2223 588 2264 solves
625 2225 766 2266 verbis
800 2240 1011 2280 unquam,
1055 2241 1102 2265 re
1138 2226 1242 2266 mihi
1276 2220 1395 2283 quo'd

800 2290 1080 2329 malefeceris.

175 2352 286 2390 Novi
316 2365 397 2406 ego
425 2362 563 2392 vestra
591 2351 720 2393 haec:
747 2354 947 2404 „nollem
974 2353 1153 2400 factum:
1188 2357 1396 2396 iusiuran-

804 2418 905 2457 dum
935 2417 1117 2468 dabitur,
1146 2429 1188 2457 te
1217 2433 1309 2459 esse
1328 2468 1338 2477 v

20 2482 23 2484 ’
74 2482 147 2529 140
173 2478 402 2533 Indigmun
438 2479 645 2535 indignis;
657 2482 682 2500 ’'
732 2481 919 2536 indignis
958 2496 1052 2520 cum
1099 2494 1272 2537 egomet
1314 2461 1394 2527 dm

804 2557 1002 2598 acceptus
1030 2548 1183 2589 modis.

907 2610 1000 2663 Qz
