<?xml version="1.0" encoding="UTF-8"?>
<!DOCTYPE html PUBLIC "-//W3C//DTD XHTML 1.0 Transitional//EN"
    "http://www.w3.org/TR/xhtml1/DTD/xhtml1-transitional.dtd">
<html xmlns="http://www.w3.org/1999/xhtml" xml:lang="en" lang="en">
 <head>
  <title>
</title>
<meta http-equiv="Content-Type" content="text/html;charset=utf-8" />
  <meta name='ocr-system' content='tesseract 3.04.00' />
  <meta name='ocr-capabilities' content='ocr_page ocr_carea ocr_par ocr_line ocrx_word'/>
</head>
<body>
  <div class='ocr_page' id='page_1' title='image "./comoediae01tereuoft_0111.png"; bbox 0 0 1676 2976; ppageno 0'>
   <div class='ocr_carea' id='block_1_1' title="bbox 555 111 934 170">
    <p class='ocr_par' dir='ltr' id='par_1_1' title="bbox 555 111 934 170">
     <span class='ocr_line' id='line_1_1' title="bbox 555 111 934 170; baseline -0.008 -17"><span class='ocrx_word' id='word_1_1' title='bbox 555 111 934 170; x_wconf 71' lang='lat' dir='ltr'>EVNvoHvs</span> 
     </span>
    </p>
   </div>
   <div class='ocr_carea' id='block_1_2' title="bbox 311 215 1406 331">
    <p class='ocr_par' dir='ltr' id='par_1_2' title="bbox 311 215 1406 331">
     <span class='ocr_line' id='line_1_2' title="bbox 311 215 1105 269; baseline -0.001 -17"><span class='ocrx_word' id='word_1_2' title='bbox 311 220 377 269; x_wconf 50' lang='grc' dir='ltr'>ἐν</span> <span class='ocrx_word' id='word_1_3' title='bbox 620 215 873 252; x_wconf 74' lang='lat' dir='ltr'>CHAEREA.</span> <span class='ocrx_word' id='word_1_4' title='bbox 1103 260 1105 262; x_wconf 21' lang='grc' dir='ltr'>Ι</span> 
     </span>
     <span class='ocr_line' id='line_1_3' title="bbox 338 274 1406 331; baseline 0.002 -15"><span class='ocrx_word' id='word_1_5' title='bbox 338 280 343 282; x_wconf 69' lang='grc'>’</span> <span class='ocrx_word' id='word_1_6' title='bbox 400 277 578 331; x_wconf 84' lang='lat' dir='ltr'>Egone?</span> <span class='ocrx_word' id='word_1_7' title='bbox 605 280 752 316; x_wconf 90' lang='lat' dir='ltr'>nescio</span> <span class='ocrx_word' id='word_1_8' title='bbox 782 274 941 324; x_wconf 83' lang='lat' dir='ltr'>hercle,</span> <span class='ocrx_word' id='word_1_9' title='bbox 968 288 1124 329; x_wconf 89' lang='lat' dir='ltr'>neque,</span> <span class='ocrx_word' id='word_1_10' title='bbox 1152 276 1268 316; x_wconf 89' lang='lat' dir='ltr'>unde</span> <span class='ocrx_word' id='word_1_11' title='bbox 1298 291 1406 329; x_wconf 80' lang='lat' dir='ltr'>eam,</span> 
     </span>
    </p>
   </div>
   <div class='ocr_carea' id='block_1_3' title="bbox 76 352 1331 456">
    <p class='ocr_par' dir='ltr' id='par_1_3' title="bbox 76 352 1331 456">
     <span class='ocr_line' id='line_1_4' title="bbox 714 352 1331 394; baseline 0.006 -17"><span class='ocrx_word' id='word_1_12' title='bbox 714 382 722 390; x_wconf 42' lang='lat'><em>⁶</em></span> <span class='ocrx_word' id='word_1_13' title='bbox 810 353 968 394; x_wconf 86' lang='lat' dir='ltr'>neque,</span> <span class='ocrx_word' id='word_1_14' title='bbox 996 352 1198 393; x_wconf 84' lang='lat' dir='ltr'><strong>quorsum</strong></span> <span class='ocrx_word' id='word_1_15' title='bbox 1226 354 1331 381; x_wconf 84' lang='lat' dir='ltr'>eam.</span> 
     </span>
     <span class='ocr_line' id='line_1_5' title="bbox 76 403 889 456; baseline -0.001 -12"><span class='ocrx_word' id='word_1_16' title='bbox 76 410 152 450; x_wconf 85' lang='lat'>255</span> <span class='ocrx_word' id='word_1_17' title='bbox 179 404 241 442; x_wconf 87' lang='lat' dir='ltr'>Ita</span> <span class='ocrx_word' id='word_1_18' title='bbox 270 403 424 444; x_wconf 86' lang='lat' dir='ltr'>oblitus</span> <span class='ocrx_word' id='word_1_19' title='bbox 452 417 624 456; x_wconf 81' lang='lat' dir='ltr'>prorsus</span> <span class='ocrx_word' id='word_1_20' title='bbox 652 406 738 443; x_wconf 87' lang='lat' dir='ltr'>mei</span> <span class='ocrx_word' id='word_1_21' title='bbox 764 418 889 449; x_wconf 62' lang='lat' dir='ltr'>sum.&gt;</span> 
     </span>
    </p>
   </div>
   <div class='ocr_carea' id='block_1_4' title="bbox 614 469 867 507">
    <p class='ocr_par' dir='ltr' id='par_1_4' title="bbox 614 469 867 507">
     <span class='ocr_line' id='line_1_6' title="bbox 614 469 867 507; baseline 0 -1"><span class='ocrx_word' id='word_1_22' title='bbox 614 469 867 507; x_wconf 60' lang='lat' dir='ltr'>hnmano.</span> 
     </span>
    </p>
   </div>
   <div class='ocr_carea' id='block_1_5' title="bbox 1359 121 1411 169">
    <p class='ocr_par' dir='ltr' id='par_1_5' title="bbox 1359 121 1411 169">
     <span class='ocr_line' id='line_1_7' title="bbox 1359 121 1411 169; baseline 0 -8"><span class='ocrx_word' id='word_1_23' title='bbox 1359 121 1411 169; x_wconf 85' lang='lat'>95</span> 
     </span>
    </p>
   </div>
   <div class='ocr_carea' id='block_1_6' title="bbox 179 532 1206 699">
    <p class='ocr_par' dir='ltr' id='par_1_6' title="bbox 179 532 1206 699">
     <span class='ocr_line' id='line_1_8' title="bbox 887 532 1206 587; baseline 0.003 -17"><span class='ocrx_word' id='word_1_24' title='bbox 887 532 987 587; x_wconf 85' lang='lat' dir='ltr'>Qui,</span> <span class='ocrx_word' id='word_1_25' title='bbox 1017 532 1206 587; x_wconf 82' lang='lat' dir='ltr'>quaeso?</span> 
     </span>
     <span class='ocr_line' id='line_1_9' title="bbox 614 597 866 635; baseline -0.004 0"><span class='ocrx_word' id='word_1_26' title='bbox 614 597 649 635; x_wconf 92' lang='lat' dir='ltr'>C</span> <span class='ocrx_word' id='word_1_27' title='bbox 661 607 750 633; x_wconf 71' lang='grc' dir='ltr'>ΗΔΕ</span> <span class='ocrx_word' id='word_1_28' title='bbox 761 608 866 634; x_wconf 58' lang='grc' dir='ltr'>ΒΕΑ.</span> 
     </span>
     <span class='ocr_line' id='line_1_10' title="bbox 179 662 302 699; baseline 0 0"><span class='ocrx_word' id='word_1_29' title='bbox 179 662 302 699; x_wconf 90' lang='lat' dir='ltr'>Amo.</span> 
     </span>
    </p>
   </div>
   <div class='ocr_carea' id='block_1_7' title="bbox 177 722 1403 1284">
    <p class='ocr_par' dir='ltr' id='par_1_7' title="bbox 177 722 1403 1284">
     <span class='ocr_line' id='line_1_11' title="bbox 613 722 915 761; baseline 0 -1"><span class='ocrx_word' id='word_1_30' title='bbox 613 722 872 761; x_wconf 66' lang='lat' dir='ltr'>Pnuuzuo.</span> <span class='ocrx_word' id='word_1_31' title='bbox 913 747 915 750; x_wconf 93' lang='lat'><em>-</em></span> 
     </span>
     <span class='ocr_line' id='line_1_12' title="bbox 327 788 458 826; baseline 0 -1"><span class='ocrx_word' id='word_1_32' title='bbox 327 788 458 826; x_wconf 85' lang='lat' dir='ltr'>Hem!</span> 
     </span>
     <span class='ocr_line' id='line_1_13' title="bbox 610 851 866 888; baseline -0.008 0"><span class='ocrx_word' id='word_1_33' title='bbox 610 851 866 888; x_wconf 74' lang='lat' dir='ltr'>CRAEREA.</span> 
     </span>
     <span class='ocr_line' id='line_1_14' title="bbox 456 912 1399 967; baseline 0.001 -15"><span class='ocrx_word' id='word_1_34' title='bbox 456 915 680 960; x_wconf 85' lang='lat' dir='ltr'>Parmeno,</span> <span class='ocrx_word' id='word_1_35' title='bbox 706 925 823 950; x_wconf 86' lang='lat' dir='ltr'>nunc</span> <span class='ocrx_word' id='word_1_36' title='bbox 842 921 884 950; x_wconf 91' lang='lat' dir='ltr'>te</span> <span class='ocrx_word' id='word_1_37' title='bbox 905 912 1120 961; x_wconf 87' lang='lat' dir='ltr'>ostendes,</span> <span class='ocrx_word' id='word_1_38' title='bbox 1136 916 1221 967; x_wconf 82' lang='lat' dir='ltr'>qui</span> <span class='ocrx_word' id='word_1_39' title='bbox 1241 916 1305 954; x_wconf 88' lang='lat' dir='ltr'>vir</span> <span class='ocrx_word' id='word_1_40' title='bbox 1323 917 1399 954; x_wconf 87' lang='lat' dir='ltr'>sis!</span> 
     </span>
     <span class='ocr_line' id='line_1_15' title="bbox 178 975 1401 1028; baseline 0.001 -12"><span class='ocrx_word' id='word_1_41' title='bbox 178 979 290 1027; x_wconf 88' lang='lat' dir='ltr'>Scis,</span> <span class='ocrx_word' id='word_1_42' title='bbox 320 988 361 1016; x_wconf 92' lang='lat' dir='ltr'>te</span> <span class='ocrx_word' id='word_1_43' title='bbox 388 975 492 1015; x_wconf 81' lang='lat' dir='ltr'>mihi</span> <span class='ocrx_word' id='word_1_44' title='bbox 521 990 648 1028; x_wconf 86' lang='lat' dir='ltr'>saepe</span> <span class='ocrx_word' id='word_1_45' title='bbox 675 975 915 1028; x_wconf 72' lang='lat' dir='ltr'>Pollicitum</span> <span class='ocrx_word' id='word_1_46' title='bbox 946 989 1058 1015; x_wconf 88' lang='lat' dir='ltr'>esse:</span> <span class='ocrx_word' id='word_1_47' title='bbox 1090 976 1296 1028; x_wconf 80' lang='lat' dir='ltr'>Chaerea,</span> <span class='ocrx_word' id='word_1_48' title='bbox 1327 979 1401 1017; x_wconf 81' lang='lat' dir='ltr'>ali-</span> 
     </span>
     <span class='ocr_line' id='line_1_16' title="bbox 803 1038 1094 1092; baseline 0.007 -16"><span class='ocrx_word' id='word_1_49' title='bbox 803 1038 908 1092; x_wconf 88' lang='lat' dir='ltr'><strong>quid</strong></span> <span class='ocrx_word' id='word_1_50' title='bbox 935 1041 1094 1089; x_wconf 89' lang='lat' dir='ltr'>inveni,</span> 
     </span>
     <span class='ocr_line' id='line_1_17' title="bbox 178 1102 1403 1160; baseline 0 -16"><span class='ocrx_word' id='word_1_51' title='bbox 178 1106 309 1160; x_wconf 86' lang='lat' dir='ltr'>Quod</span> <span class='ocrx_word' id='word_1_52' title='bbox 337 1119 473 1153; x_wconf 86' lang='lat' dir='ltr'>ames,</span> <span class='ocrx_word' id='word_1_53' title='bbox 501 1103 655 1142; x_wconf 89' lang='lat' dir='ltr'>modo:</span> <span class='ocrx_word' id='word_1_54' title='bbox 694 1102 921 1141; x_wconf 82' lang='lat' dir='ltr'>utilitatem</span> <span class='ocrx_word' id='word_1_55' title='bbox 950 1105 995 1142; x_wconf 91' lang='lat' dir='ltr'>in</span> <span class='ocrx_word' id='word_1_56' title='bbox 1025 1117 1075 1142; x_wconf 82' lang='lat' dir='ltr'>ea</span> <span class='ocrx_word' id='word_1_57' title='bbox 1101 1118 1148 1143; x_wconf 90' lang='lat' dir='ltr'>re</span> <span class='ocrx_word' id='word_1_58' title='bbox 1176 1104 1329 1143; x_wconf 79' lang='lat' dir='ltr'>faciam</span> <span class='ocrx_word' id='word_1_59' title='bbox 1356 1116 1403 1144; x_wconf 93' lang='lat' dir='ltr'>ut</span> 
     </span>
     <span class='ocr_line' id='line_1_18' title="bbox 804 1180 1224 1220; baseline 0.005 -15"><span class='ocrx_word' id='word_1_60' title='bbox 804 1180 1037 1220; x_wconf 76' lang='lat' dir='ltr'>cognoscas</span> <span class='ocrx_word' id='word_1_61' title='bbox 1066 1181 1224 1207; x_wconf 83' lang='lat' dir='ltr'>meam:</span> 
     </span>
     <span class='ocr_line' id='line_1_19' title="bbox 177 1231 1402 1284; baseline 0.002 -11"><span class='ocrx_word' id='word_1_62' title='bbox 177 1235 284 1273; x_wconf 91' lang='lat' dir='ltr'>Cum</span> <span class='ocrx_word' id='word_1_63' title='bbox 312 1234 358 1271; x_wconf 91' lang='lat' dir='ltr'>in</span> <span class='ocrx_word' id='word_1_64' title='bbox 387 1231 583 1272; x_wconf 85' lang='lat' dir='ltr'>cellulam</span> <span class='ocrx_word' id='word_1_65' title='bbox 614 1231 669 1270; x_wconf 89' lang='lat' dir='ltr'>ad</span> <span class='ocrx_word' id='word_1_66' title='bbox 697 1241 739 1270; x_wconf 88' lang='lat' dir='ltr'>te</span> <span class='ocrx_word' id='word_1_67' title='bbox 766 1234 897 1284; x_wconf 84' lang='lat' dir='ltr'>patris</span> <span class='ocrx_word' id='word_1_68' title='bbox 925 1244 1085 1282; x_wconf 91' lang='lat' dir='ltr'>penum</span> <span class='ocrx_word' id='word_1_69' title='bbox 1107 1246 1278 1272; x_wconf 89' lang='lat' dir='ltr'>omnem</span> <span class='ocrx_word' id='word_1_70' title='bbox 1300 1247 1402 1275; x_wconf 89' lang='lat' dir='ltr'>con-</span> 
     </span>
    </p>
   </div>
   <div class='ocr_carea' id='block_1_8' title="bbox 66 1294 1397 1607">
    <p class='ocr_par' dir='ltr' id='par_1_8' title="bbox 66 1294 1397 1607">
     <span class='ocr_line' id='line_1_20' title="bbox 800 1294 1285 1349; baseline 0.008 -15"><span class='ocrx_word' id='word_1_71' title='bbox 800 1294 1004 1349; x_wconf 85' lang='lat' dir='ltr'>gerebam</span> <span class='ocrx_word' id='word_1_72' title='bbox 1034 1296 1285 1339; x_wconf 84' lang='lat' dir='ltr'>clanculum.</span> 
     </span>
     <span class='ocr_line' id='line_1_21' title="bbox 609 1361 866 1399; baseline 0 -1"><span class='ocrx_word' id='word_1_73' title='bbox 609 1361 866 1399; x_wconf 51' lang='lat' dir='ltr'>Piniano.</span> 
     </span>
     <span class='ocr_line' id='line_1_22' title="bbox 66 1425 463 1479; baseline -0.005 -15"><span class='ocrx_word' id='word_1_74' title='bbox 66 1425 143 1464; x_wconf 84' lang='lat'>260</span> <span class='ocrx_word' id='word_1_75' title='bbox 169 1425 276 1479; x_wconf 85' lang='lat' dir='ltr'>Age,</span> <span class='ocrx_word' id='word_1_76' title='bbox 303 1426 463 1477; x_wconf 88' lang='lat' dir='ltr'>inepte.</span> 
     </span>
     <span class='ocr_line' id='line_1_23' title="bbox 601 1487 856 1526; baseline 0 0"><span class='ocrx_word' id='word_1_77' title='bbox 601 1487 856 1526; x_wconf 75' lang='lat' dir='ltr'>CHAEREA.</span> 
     </span>
     <span class='ocr_line' id='line_1_24' title="bbox 486 1548 1397 1607; baseline 0.005 -18"><span class='ocrx_word' id='word_1_78' title='bbox 486 1550 582 1589; x_wconf 91' lang='lat' dir='ltr'>Hoc</span> <span class='ocrx_word' id='word_1_79' title='bbox 609 1548 752 1589; x_wconf 86' lang='lat' dir='ltr'>hercle</span> <span class='ocrx_word' id='word_1_80' title='bbox 779 1564 909 1599; x_wconf 89' lang='lat' dir='ltr'>nunc,</span> <span class='ocrx_word' id='word_1_81' title='bbox 939 1553 1008 1599; x_wconf 88' lang='lat' dir='ltr'>sis,</span> <span class='ocrx_word' id='word_1_82' title='bbox 1037 1564 1166 1602; x_wconf 89' lang='lat' dir='ltr'>nunc,</span> <span class='ocrx_word' id='word_1_83' title='bbox 1198 1553 1266 1592; x_wconf 79' lang='lat' dir='ltr'>fac</span> <span class='ocrx_word' id='word_1_84' title='bbox 1293 1569 1397 1607; x_wconf 90' lang='lat' dir='ltr'>pro-</span> 
     </span>
    </p>
   </div>
   <div class='ocr_carea' id='block_1_9' title="bbox 604 1617 1398 1718">
    <p class='ocr_par' dir='ltr' id='par_1_9' title="bbox 604 1617 1398 1718">
     <span class='ocr_line' id='line_1_25' title="bbox 797 1617 1398 1669; baseline 0.012 -17"><span class='ocrx_word' id='word_1_85' title='bbox 797 1617 924 1654; x_wconf 86' lang='lat' dir='ltr'>missa</span> <span class='ocrx_word' id='word_1_86' title='bbox 951 1618 1043 1668; x_wconf 88' lang='lat' dir='ltr'>ipsa</span> <span class='ocrx_word' id='word_1_87' title='bbox 1063 1628 1313 1669; x_wconf 82' lang='lat' dir='ltr'>appareant,</span> <span class='ocrx_word' id='word_1_88' title='bbox 1326 1649 1398 1659; x_wconf 75' lang='grc'><strong><em>.,..</em></strong></span> 
     </span>
     <span class='ocr_line' id='line_1_26' title="bbox 604 1679 860 1718; baseline 0.008 -2"><span class='ocrx_word' id='word_1_89' title='bbox 604 1679 860 1718; x_wconf 62' lang='grc' dir='ltr'><strong>ΡΑΚΜΕΝΟ.</strong></span> 
     </span>
    </p>
   </div>
   <div class='ocr_carea' id='block_1_10' title="bbox 60 1742 1397 2428">
    <p class='ocr_par' dir='ltr' id='par_1_10' title="bbox 60 1742 1397 2428">
     <span class='ocr_line' id='line_1_27' title="bbox 166 1742 865 1797; baseline 0.009 -18"><span class='ocrx_word' id='word_1_90' title='bbox 166 1742 279 1781; x_wconf 87' lang='lat' dir='ltr'>Sine.</span> <span class='ocrx_word' id='word_1_91' title='bbox 862 1795 865 1797; x_wconf 21' lang='grc' dir='ltr'><strong><em>ι</em></strong></span> 
     </span>
     <span class='ocr_line' id='line_1_28' title="bbox 599 1806 859 1844; baseline 0 -1"><span class='ocrx_word' id='word_1_92' title='bbox 599 1806 859 1844; x_wconf 75' lang='lat' dir='ltr'>CHAEREA.</span> 
     </span>
     <span class='ocr_line' id='line_1_29' title="bbox 307 1867 1397 1922; baseline 0.006 -17"><span class='ocrx_word' id='word_1_93' title='bbox 307 1867 351 1905; x_wconf 88' lang='lat' dir='ltr'>Si</span> <span class='ocrx_word' id='word_1_94' title='bbox 379 1867 490 1906; x_wconf 88' lang='lat' dir='ltr'>adeo</span> <span class='ocrx_word' id='word_1_95' title='bbox 519 1881 585 1906; x_wconf 92' lang='lat' dir='ltr'>res</span> <span class='ocrx_word' id='word_1_96' title='bbox 617 1877 680 1906; x_wconf 91' lang='lat' dir='ltr'>est</span> <span class='ocrx_word' id='word_1_97' title='bbox 708 1868 859 1922; x_wconf 80' lang='lat' dir='ltr'>digna,</span> <span class='ocrx_word' id='word_1_98' title='bbox 896 1879 942 1907; x_wconf 91' lang='lat' dir='ltr'>tu</span> <span class='ocrx_word' id='word_1_99' title='bbox 968 1882 1123 1909; x_wconf 89' lang='lat' dir='ltr'>nervos</span> <span class='ocrx_word' id='word_1_100' title='bbox 1151 1869 1227 1909; x_wconf 90' lang='lat' dir='ltr'>ubi</span> <span class='ocrx_word' id='word_1_101' title='bbox 1254 1874 1397 1914; x_wconf 85' lang='lat' dir='ltr'>inten-</span> 
     </span>
     <span class='ocr_line' id='line_1_30' title="bbox 486 1932 1009 1973; baseline 0.013 -7"><span class='ocrx_word' id='word_1_102' title='bbox 486 1934 494 1942; x_wconf 73' lang='grc'><strong>“</strong></span> <span class='ocrx_word' id='word_1_103' title='bbox 797 1932 870 1970; x_wconf 84' lang='lat' dir='ltr'>das</span> <span class='ocrx_word' id='word_1_104' title='bbox 901 1942 1009 1973; x_wconf 89' lang='lat' dir='ltr'>tuos.</span> 
     </span>
     <span class='ocr_line' id='line_1_31' title="bbox 170 1993 1393 2053; baseline 0.007 -22"><span class='ocrx_word' id='word_1_105' title='bbox 170 1993 296 2031; x_wconf 84' lang='lat' dir='ltr'>Haud</span> <span class='ocrx_word' id='word_1_106' title='bbox 324 1993 468 2032; x_wconf 88' lang='lat' dir='ltr'>similis</span> <span class='ocrx_word' id='word_1_107' title='bbox 498 1997 620 2049; x_wconf 88' lang='lat' dir='ltr'>virgo</span> <span class='ocrx_word' id='word_1_108' title='bbox 651 2005 714 2034; x_wconf 84' lang='lat' dir='ltr'>est</span> <span class='ocrx_word' id='word_1_109' title='bbox 739 1998 952 2049; x_wconf 89' lang='lat' dir='ltr'>virginum</span> <span class='ocrx_word' id='word_1_110' title='bbox 986 2007 1250 2048; x_wconf 86' lang='lat' dir='ltr'>nostrarum,</span> <span class='ocrx_word' id='word_1_111' title='bbox 1289 2014 1393 2053; x_wconf 84' lang='lat' dir='ltr'>quas</span> 
     </span>
     <span class='ocr_line' id='line_1_32' title="bbox 792 2061 1147 2100; baseline 0.008 -3"><span class='ocrx_word' id='word_1_112' title='bbox 792 2069 946 2099; x_wconf 82' lang='lat' dir='ltr'>matres</span> <span class='ocrx_word' id='word_1_113' title='bbox 975 2061 1147 2100; x_wconf 88' lang='lat' dir='ltr'>student</span> 
     </span>
     <span class='ocr_line' id='line_1_33' title="bbox 167 2118 1392 2181; baseline 0.007 -21"><span class='ocrx_word' id='word_1_114' title='bbox 167 2122 370 2160; x_wconf 86' lang='lat' dir='ltr'>Demissis</span> <span class='ocrx_word' id='word_1_115' title='bbox 399 2118 583 2161; x_wconf 87' lang='lat' dir='ltr'>humeris</span> <span class='ocrx_word' id='word_1_116' title='bbox 614 2136 720 2172; x_wconf 87' lang='lat' dir='ltr'>esse,</span> <span class='ocrx_word' id='word_1_117' title='bbox 748 2125 892 2162; x_wconf 89' lang='lat' dir='ltr'>vincto</span> <span class='ocrx_word' id='word_1_118' title='bbox 920 2134 1114 2176; x_wconf 88' lang='lat' dir='ltr'>pectore,</span> <span class='ocrx_word' id='word_1_119' title='bbox 1142 2136 1190 2164; x_wconf 89' lang='lat' dir='ltr'>ut</span> <span class='ocrx_word' id='word_1_120' title='bbox 1208 2127 1392 2181; x_wconf 84' lang='lat' dir='ltr'>gracilae</span> 
     </span>
     <span class='ocr_line' id='line_1_34' title="bbox 182 2189 923 2234; baseline 0.007 -13"><span class='ocrx_word' id='word_1_121' title='bbox 182 2197 185 2200; x_wconf 90' lang='lat'>·</span> <span class='ocrx_word' id='word_1_122' title='bbox 792 2189 923 2234; x_wconf 84' lang='lat' dir='ltr'>sient;</span> 
     </span>
     <span class='ocr_line' id='line_1_35' title="bbox 168 2247 1389 2308; baseline 0.009 -23"><span class='ocrx_word' id='word_1_123' title='bbox 168 2249 211 2285; x_wconf 91' lang='lat' dir='ltr'>Si</span> <span class='ocrx_word' id='word_1_124' title='bbox 241 2261 349 2301; x_wconf 89' lang='lat' dir='ltr'>quae</span> <span class='ocrx_word' id='word_1_125' title='bbox 378 2247 563 2288; x_wconf 84' lang='lat' dir='ltr'>habitior</span> <span class='ocrx_word' id='word_1_126' title='bbox 587 2249 735 2303; x_wconf 86' lang='lat' dir='ltr'>paulo,</span> <span class='ocrx_word' id='word_1_127' title='bbox 764 2253 882 2290; x_wconf 88' lang='lat' dir='ltr'>aiunt</span> <span class='ocrx_word' id='word_1_128' title='bbox 911 2265 1001 2291; x_wconf 90' lang='lat' dir='ltr'>esse</span> <span class='ocrx_word' id='word_1_129' title='bbox 1019 2253 1224 2308; x_wconf 84' lang='lat' dir='ltr'>pugilem,</span> <span class='ocrx_word' id='word_1_130' title='bbox 1254 2255 1389 2295; x_wconf 87' lang='lat' dir='ltr'>dedu-</span> 
     </span>
     <span class='ocr_line' id='line_1_36' title="bbox 793 2315 1080 2363; baseline 0.003 -9"><span class='ocrx_word' id='word_1_131' title='bbox 793 2325 893 2354; x_wconf 91' lang='lat' dir='ltr'>cunt</span> <span class='ocrx_word' id='word_1_132' title='bbox 922 2315 1080 2363; x_wconf 89' lang='lat' dir='ltr'>cibum;</span> 
     </span>
     <span class='ocr_line' id='line_1_37' title="bbox 60 2375 1390 2428; baseline 0.008 -14"><span class='ocrx_word' id='word_1_133' title='bbox 60 2375 136 2421; x_wconf 83' lang='lat'>265</span> <span class='ocrx_word' id='word_1_134' title='bbox 165 2377 409 2416; x_wconf 83' lang='lat' dir='ltr'>Tamenetsi</span> <span class='ocrx_word' id='word_1_135' title='bbox 436 2377 552 2418; x_wconf 88' lang='lat' dir='ltr'>bona</span> <span class='ocrx_word' id='word_1_136' title='bbox 578 2389 728 2419; x_wconf 76' lang='lat' dir='ltr'>natura</span> <span class='ocrx_word' id='word_1_137' title='bbox 756 2389 833 2428; x_wconf 87' lang='lat' dir='ltr'>est,</span> <span class='ocrx_word' id='word_1_138' title='bbox 860 2380 1046 2420; x_wconf 86' lang='lat' dir='ltr'>reddunt</span> <span class='ocrx_word' id='word_1_139' title='bbox 1075 2391 1270 2422; x_wconf 75' lang='lat' dir='ltr'>curatura</span> <span class='ocrx_word' id='word_1_140' title='bbox 1293 2385 1390 2425; x_wconf 86' lang='lat' dir='ltr'>iun-</span> 
     </span>
    </p>
   </div>
   <div class='ocr_carea' id='block_1_11' title="bbox 161 2456 929 2558">
    <p class='ocr_par' dir='ltr' id='par_1_11' title="bbox 161 2456 929 2558">
     <span class='ocr_line' id='line_1_38' title="bbox 789 2456 929 2492; baseline 0.014 -11"><span class='ocrx_word' id='word_1_141' title='bbox 789 2456 929 2492; x_wconf 82' lang='lat' dir='ltr'>ceam;</span> 
     </span>
     <span class='ocr_line' id='line_1_39' title="bbox 161 2504 682 2558; baseline 0.01 -16"><span class='ocrx_word' id='word_1_142' title='bbox 161 2504 309 2558; x_wconf 87' lang='lat' dir='ltr'>Itaque</span> <span class='ocrx_word' id='word_1_143' title='bbox 339 2517 442 2558; x_wconf 79' lang='lat' dir='ltr'>ergo</span> <span class='ocrx_word' id='word_1_144' title='bbox 472 2511 682 2547; x_wconf 82' lang='lat' dir='ltr'>amantur!</span> 
     </span>
    </p>
   </div>
  </div>
 </body>
</html>
