1676 2976
590 97 965 156 EVchHvs'.
1042 102 1130 188 Q
1389 127 1444 169 33

351 251 355 272 ,Ι
605 206 905 255 Fanni-zuo.

215 278 380 318 Credo:
417 289 464 318 ut
501 278 568 328 fit,
607 282 762 318 misera
795 291 900 332 prae
933 290 1080 319 amore
1115 279 1288 320 exclusti
1323 282 1437 324 hunc

840 341 977 382 foras!

686 407 859 445 Tuus.
1303 436 1307 440 .

215 470 381 509 Siccine
411 473 485 519 ais,
515 469 748 509 Parmeno?
794 470 901 524 Age.
947 469 1020 508 Set
1047 467 1130 509 huc
1157 484 1240 525 qua
1267 474 1402 527 gratia

132 539 184 577 55
212 535 275 572 Te
304 536 456 573 arcessi
483 536 598 583 iussi,
628 533 827 572 ausculta.

636 600 907 637 Pan-:Dium

861 661 966 699 Fiat.

685 726 856 763 Tuus.
1117 754 1127 763 a

1007 789 1091 828 Dic
1115 786 1222 828 mihi

216 852 310 890 Hoc
337 854 541 904 primum:
568 851 706 903 potin’
737 859 800 888 est
827 847 896 888 hic
924 852 1093 890 tacere?

648 915 900 953 PAnmssuo.

951 978 1128 1032 Egone?
1158 1003 1204 1010 -
1235 990 1434 1033 optume:

213 1043 373 1080 Verum
408 1039 510 1080 heus
547 1049 615 1079 tu:
659 1040 758 1094 lege
804 1039 880 1079 tibi
915 1040 995 1080 hac
1028 1057 1169 1082 meam
1213 1045 1433 1102 adstringo

835 1104 984 1167 fidegn:

215 1168 336 1220 Quae
363 1180 463 1205 vera
491 1167 648 1216 audivi,
678 1177 799 1207 taceo
830 1178 873 1207 et
901 1170 1104 1210 contineo
1135 1181 1329 1223 optume;

215 1230 289 1268 Sin
324 1230 476 1270 falsum
511 1241 583 1270 aut
617 1245 772 1271 vanum
808 1243 880 1271 aut
913 1233 1078 1285 fictum,
1125 1232 1331 1276 continuo
1357 1251 1434 1290 pa·

835 1297 924 1335 lum
954 1309 1035 1337 est:

134 1357 185 1396 60
211 1358 427 1397 Rimarum
452 1358 604 1411 plenus
632 1373 739 1408 sum,
766 1358 848 1399 hac
875 1371 1002 1414 atque
1029 1362 1127 1401 illac
1151 1363 1358 1417 pel-pluo:

216 1423 343 1461 Proin
372 1433 430 1473 tu,
459 1426 494 1462 si
521 1425 582 1462 vis
612 1426 757 1472 taceri,
784 1438 885 1463 vera
913 1426 1061 1466 dicito.

683 1489 860 1527 TnAls.

214 1550 353 1589 Samia
379 1549 482 1595 mihi
509 1562 645 1591 mater
670 1551 763 1590 fuit.
817 1553 879 1591 Ea
906 1551 1132 1598 habitabat»
1143 1515 1308 1606 fflodi

647 1617 906 1656 Panno.

216 1678 360 1716 Potest
388 1680 518 1717 taceri
543 1677 638 1718 hoc.

632 1778 634 1781 .
693 1744 862 1783 Tuus.

624 1805 690 1844 Ibi
719 1816 807 1844 tum
834 1810 957 1846 matri
985 1808 1205 1860 parvolam

219 1867 406 1906 Puellam
435 1868 553 1907 dono
582 1869 757 1921 quidam
783 1881 997 1910 mercator
1024 1872 1054 1910 d
1114 1875 1124 1883 '

142 1930 193 1974 65
218 1931 279 1969 Ex
305 1932 443 1971 Attica
469 1930 570 1971 hinc
597 1931 829 1985 abreptam.

638 1997 922 2036 Pninnnu.

872 2061 1107 2101 Civemne?

688 2125 863 2164 Tuus.

1143 2186 1361 2238 Arbitror;
1546 2228 1596 2260 ’,ἱ

222 2249 394 2287 Certum
420 2263 511 2288 non
539 2253 712 2290 scimus:
741 2254 885 2292 matris
911 2266 1074 2294 nomen
1101 2264 1145 2293 et
1169 2256 1301 2306 patris
1438 2272 1441 2273 ⁷
1504 2284 1506 2286 v
1568 2267 1616 2310 ,ὓ

219 2312 399 2352 Dicebat
427 2316 534 2366 ipsa,
562 2318 742 2367 patriam
771 2327 814 2356 et
839 2320 960 2372 signa
986 2327 1130 2357 cetera
1464 2288 1653 2406 ⁸⁸⁷⁶*

221 2377 374 2429 Neque
402 2378 535 2417 scibat
562 2393 704 2433 neque
730 2394 811 2433 per
838 2391 1020 2421 aetatem
1048 2384 1175 2421 etiam
1200 2390 1416 2434 potuerat.
1488 2392 1491 2393 ’

218 2442 438 2480 Mercator
463 2441 549 2482 hoc
577 2443 786 2494 addebat:
818 2459 842 2484 e
867 2444 1175 2498 praedonibus,

141 2518 193 2556 70
218 2505 347 2544 Vnde
376 2517 550 2556 emerat,
577 2521 623 2546 se
651 2508 833 2557 audisse,
862 2508 1081 2562 abreptam
1109 2524 1134 2548 e
1162 2510 1309 2550 Sunio.

222 2570 364 2608 Mater
389 2568 464 2609 ubi
493 2573 674 2624 accepit,
701 2573 845 2612 studio
876 2576 1023 2626 coepit
1050 2576 1196 2614 omnia

963 2638 995 2676 F
1024 2651 1049 2676 2
