1676 2976
791 184 1015 223 TnnAso.

343 248 578 303 Numquid,
609 245 795 296 Gnatho,
825 257 870 286 tu
899 246 1082 293 dubitas,
1110 247 1213 298 quin
1233 258 1315 300 ego
1338 257 1452 284 nunc
1471 257 1568 297 pez·

970 318 1104 362 petuo
1132 308 1363 362 perierim?

784 375 1024 414 crunno.

344 439 445 478 Sine
474 438 622 488 dubio,
653 441 824 492 opinor.

776 504 1034 543 Cunnum.

576 567 693 621 Quid
723 578 1058 606 commemorem
1087 565 1272 616 primum
1301 573 1373 603 aut
1398 562 1569 602 laudem

972 628 1191 667 maxume?

343 692 538 743 Illumne,
568 697 641 749 qui
671 693 900 734 consilium
932 692 1067 740 dedit,
1097 702 1142 731 ut
1170 691 1370 741 facerem,
1406 705 1461 732 an
1487 706 1571 741 me,

970 758 1042 810 qui
1071 756 1118 795 id
1145 770 1267 795 ausus
1294 770 1387 795 sum

237 834 314 874 990
342 820 564 873 Incipere?
592 835 646 862 an
674 822 888 861 fortunam
921 821 1195 869 conlaudem,
1225 834 1334 875 quae
1362 818 1571 874 guberna·

973 887 1051 923 trix
1081 884 1173 932 fuit,

342 951 465 1005 Quae
496 960 559 989 tot
586 963 668 999 res,
698 960 852 999 tantas,
881 960 965 988 tam
987 960 1233 1001 opportune
1253 950 1298 987 in
1317 961 1447 987 unum
1470 961 1572 987 cou-

713 1010 718 1015 ’
973 1013 1095 1052 clusit
1124 1013 1254 1060 diem,

340 1078 409 1118 An
442 1081 572 1130 patris
610 1081 694 1117 mei
734 1078 1004 1118 festivitatem
1043 1087 1085 1116 et
1120 1076 1397 1116 facilitatem?
1443 1089 1470 1115 ο
1505 1075 1572 1115 Iu-

971 1143 1097 1192 piter,

338 1205 482 1255 Serva,
512 1206 712 1256 obsecro,
740 1205 846 1245 haec
874 1204 999 1244 nobis
1030 1204 1164 1244 bona!

232 1458 644 1507 PHAEDRIA.
711 1457 1107 1508 PARMENO.
1189 1456 1571 1504 CHAEREA.

527 1535 854 1585 THRASO.
932 1534 1281 1582 GNATHO.
1350 1570 1353 1573 .

769 1658 1052 1697 patenam.

338 1720 411 1769 Di,
446 1730 631 1761 vostram
666 1720 817 1761 fldem!
867 1718 1145 1766 incredibile,
1191 1718 1399 1757 Parmeno
1438 1717 1570 1755 modo

972 1783 1093 1837 quod
1120 1785 1326 1822 narravit!
1452 1783 1504 1821 V.
1533 1795 1571 1834 9.

233 1855 309 1901 995
337 1848 410 1888 Set
436 1848 509 1891 ubi
538 1859 601 1890 est
629 1849 784 1890 frater?

775 1915 1030 1954 CnAnnnA.

847 1979 1019 2018 Praesto
1049 1976 1182 2016 adest.

763 2044 861 2082 Pu*
873 2056 894 2082 ε
909 2056 935 2080 n
946 2056 993 2081 iu
1004 2055 1042 2082 A.

342 2107 540 2146 Gaudeo,

772 2174 1035 2211 Caicum.

462 2235 567 2274 Satis
599 2234 747 2275 credo.
776 2234 892 2275 Nihil
921 2246 984 2274 est
1011 2233 1179 2273 Thaide
1208 2231 1299 2277 hac,
1329 2230 1472 2277 frater,
1502 2240 1571 2268 tua

339 2299 534 2353 Dignius,
562 2300 681 2352 quod
710 2310 893 2339 ametur:
924 2303 981 2339 ita
1009 2310 1182 2339 nostrae
1203 2300 1318 2337 omni
1342 2306 1403 2336 est
1423 2296 1573 2334 fautrix

967 2363 1170 2405 familiae.

763 2428 1047 2468 ΡιιΑεοιιιΑ.

1472 2488 1570 2527 Hui.

334 2554 397 2594 Mi
426 2552 538 2593 illam
569 2554 746 2594 laudas?
