1676 2976
564 117 943 159 EVNVCHVS.
1348 124 1421 171 143

642 221 869 259 PYTmAs.

325 284 376 322 Et
406 283 580 337 quidem
612 293 777 331 orante,
806 293 852 321 ιιι
878 295 935 320 ne
962 280 1011 320 id
1035 280 1211 331 faceret,
1239 281 1418 323 Thaide.

132 382 139 393 ,
637 349 889 388 annno.

198 411 312 465 Quid
344 411 430 450 ais?

207 489 215 493 ·
638 476 872 517 Pvrnus.

409 538 534 578 Nunc
562 543 746 577 minatur
771 550 920 591 porro,
948 551 1041 576 sese
1069 537 1129 585 id,
1157 536 1277 589 quod
1302 550 1421 576 moe-

824 601 910 640 chis
940 601 1065 649 solet,

201 667 333 719 Quod
362 680 443 721 ego
472 657 688 719 nunquam
718 666 805 703 vidj
833 665 940 714 fieri,
969 677 1110 717 neque
1139 663 1354 703 velim....

634 730 883 770 Panno.

1117 791 1214 844 Qua
1242 791 1422 832 audacia

200 858 384 895 Tantum
411 855 573 895 facinus
602 853 759 894 audet?

641 920 834 958 ΡΥΤΗῙΛ
846 933 877 958 s.

595 983 711 1036 Quid
741 986 796 1022 ita
826 981 1016 1021 tantum?

637 1048 887 1086 Ruunt-mo.

275 1155 280 1158 ,
327 1150 330 1151 ⁷
768 1113 925 1150 Annon
953 1111 1037 1149 hoc
1065 1122 1303 1149 maxumum
1334 1109 1422 1148 est?

202 1174 307 1228 Quis
323 1126 476 1227 'mo
512 1187 699 1227 unquam
735 1189 817 1227 pro
854 1174 1047 1218 moecho,
1073 1175 1180 1215 vidit
1214 1176 1262 1213 in
1289 1174 1420 1213 domo

277 1285 281 1290 ι
820 1241 1061 1278 meretricia

96 1307 173 1354 905
201 1301 355 1341 Prendi
384 1301 654 1356 quenquam?

636 1367 877 1405 PY‘rnxAs.

545 1431 717 1469 Nescio.

579 1530 582 1532 ,
636 1495 891 1535 PARMENO.

706 1558 776 1606 At,
803 1571 859 1596 ne
887 1555 971 1595 hoc
997 1559 1211 1605 nesciatis,
1239 1555 1422 1611 Pythias,

197 1621 332 1669 Dico,
370 1621 495 1661 edico
532 1621 679 1670 vobis,
721 1632 915 1660 nostrum
960 1635 1051 1660 esse
1085 1621 1205 1660 illum
1242 1620 1422 1660 herilem

827 1684 1062 1734 filium,....

645 1749 875 1788 Pwnms.

1236 1814 1362 1862 Hem,

206 1872 413 1922 Obsecro,
443 1887 496 1912 an
523 1876 557 1913 is
588 1874 675 1913 est?

638 1939 893 1977 Pammene.

444 2002 511 2039 Ne
540 2014 665 2052 quam
694 2005 737 2038 in
766 2001 885 2039 illum
913 2000 1041 2041 Thais
1069 2002 1160 2041 fieri
1188 2005 1272 2041 vim
1299 2005 1422 2043 sinat.

202 2063 342 2115 Atque
372 2063 480 2102 adeo
511 2074 650 2103 autem
681 2078 754 2102 cur
780 2079 870 2103 non
899 2076 1070 2120 egomet
1095 2069 1209 2106 intro
1239 2067 1319 2106 eo?

643 2129 674 2167 P
686 2142 745 2167 ΥΤ
756 2142 806 2167 ιιι
818 2143 882 2168 As.

1044 2193 1173 2242 Vide,
1186 2178 1423 2243 'fflmenffi

203 2252 320 2305 Quid
358 2267 479 2307 agas,
516 2267 572 2293 ne
609 2267 752 2308 neque
789 2255 849 2293 ffli
883 2258 1045 2308 prosis,
1089 2267 1131 2295 et
1166 2267 1211 2295 tu
1248 2271 1422 2310 pereas:

826 2333 925 2358 nam
952 2319 1036 2359 hoc
1063 2331 1230 2372 putant,

98 2391 176 2431 910
204 2379 427 2432 Quidquid
456 2380 612 2419 factum
643 2392 719 2430 est,
748 2397 771 2421 a
801 2393 843 2422 te
872 2398 962 2424 esse
993 2396 1146 2425 ortum.

639 2447 893 2487 mammo.

802 2512 922 2566 Qujd
946 2515 1076 2568 igitur
1101 2513 1256 2553 faciam
1280 2515 1424 2562 miser,

1286 2646 1307 2668 0
