<?xml version="1.0" encoding="UTF-8"?>
<!DOCTYPE html PUBLIC "-//W3C//DTD XHTML 1.0 Transitional//EN"
    "http://www.w3.org/TR/xhtml1/DTD/xhtml1-transitional.dtd">
<html xmlns="http://www.w3.org/1999/xhtml" xml:lang="en" lang="en">
 <head>
  <title>
</title>
<meta http-equiv="Content-Type" content="text/html;charset=utf-8" />
  <meta name='ocr-system' content='tesseract 3.04.00' />
  <meta name='ocr-capabilities' content='ocr_page ocr_carea ocr_par ocr_line ocrx_word'/>
</head>
<body>
  <div class='ocr_page' id='page_1' title='image "./comoediae01tereuoft_0045.png"; bbox 0 0 1676 2976; ppageno 0'>
   <div class='ocr_carea' id='block_1_1' title="bbox 617 66 1423 181">
    <p class='ocr_par' dir='ltr' id='par_1_1' title="bbox 617 66 1423 181">
     <span class='ocr_line' id='line_1_1' title="bbox 617 66 1423 181; baseline 0.001 -30"><span class='ocrx_word' id='word_1_1' title='bbox 617 66 889 152; x_wconf 63' lang='lat' dir='ltr'><strong>mnam.</strong></span> <span class='ocrx_word' id='word_1_2' title='bbox 1059 106 1193 181; x_wconf 47' lang='grc' dir='ltr'>ἐς</span> <span class='ocrx_word' id='word_1_3' title='bbox 1371 126 1423 167; x_wconf 81' lang='lat'>29</span> 
     </span>
    </p>
   </div>
   <div class='ocr_carea' id='block_1_2' title="bbox 195 212 1424 584">
    <p class='ocr_par' dir='ltr' id='par_1_2' title="bbox 195 212 1424 584">
     <span class='ocr_line' id='line_1_2' title="bbox 249 212 845 256; baseline -0.003 0"><span class='ocrx_word' id='word_1_4' title='bbox 249 212 289 245; x_wconf 45' lang='grc' dir='ltr'><strong>ἕ</strong></span> <span class='ocrx_word' id='word_1_5' title='bbox 587 250 590 251; x_wconf 23' lang='lat'><em>⁷</em></span> <span class='ocrx_word' id='word_1_6' title='bbox 662 218 845 256; x_wconf 73' lang='lat' dir='ltr'>DAvvs.</span> 
     </span>
     <span class='ocr_line' id='line_1_3' title="bbox 740 279 1150 320; baseline 0.002 -1"><span class='ocrx_word' id='word_1_7' title='bbox 740 281 778 319; x_wconf 91' lang='grc' dir='ltr'><strong>Ο</strong></span> <span class='ocrx_word' id='word_1_8' title='bbox 808 279 943 319; x_wconf 80' lang='lat' dir='ltr'><strong>audax</strong></span> <span class='ocrx_word' id='word_1_9' title='bbox 968 279 1150 320; x_wconf 80' lang='lat' dir='ltr'>facinus!</span> 
     </span>
     <span class='ocr_line' id='line_1_4' title="bbox 561 345 916 384; baseline 0 -1"><span class='ocrx_word' id='word_1_10' title='bbox 561 354 565 357; x_wconf 89' lang='grc'>·</span> <span class='ocrx_word' id='word_1_11' title='bbox 602 345 916 384; x_wconf 65' lang='lat' dir='ltr'>Pmrnmvs.</span> 
     </span>
     <span class='ocr_line' id='line_1_5' title="bbox 1149 405 1424 447; baseline 0 -1"><span class='ocrx_word' id='word_1_12' title='bbox 1149 407 1269 447; x_wconf 72' lang='lat' dir='ltr'>Hanc</span> <span class='ocrx_word' id='word_1_13' title='bbox 1295 405 1424 446; x_wconf 85' lang='lat' dir='ltr'>fidem</span> 
     </span>
     <span class='ocr_line' id='line_1_6' title="bbox 195 470 1424 524; baseline 0 -14"><span class='ocrx_word' id='word_1_14' title='bbox 195 471 284 510; x_wconf 83' lang='lat' dir='ltr'>Sibi</span> <span class='ocrx_word' id='word_1_15' title='bbox 323 485 392 510; x_wconf 86' lang='lat' dir='ltr'>me</span> <span class='ocrx_word' id='word_1_16' title='bbox 431 471 687 520; x_wconf 77' lang='lat' dir='ltr'>obsecravit,</span> <span class='ocrx_word' id='word_1_17' title='bbox 725 473 799 524; x_wconf 88' lang='lat' dir='ltr'>qui</span> <span class='ocrx_word' id='word_1_18' title='bbox 839 484 886 510; x_wconf 82' lang='lat' dir='ltr'>se</span> <span class='ocrx_word' id='word_1_19' title='bbox 923 472 1052 509; x_wconf 85' lang='lat' dir='ltr'>sciret</span> <span class='ocrx_word' id='word_1_20' title='bbox 1083 483 1175 510; x_wconf 87' lang='lat' dir='ltr'>non</span> <span class='ocrx_word' id='word_1_21' title='bbox 1211 470 1424 511; x_wconf 82' lang='lat' dir='ltr'>desertum</span> 
     </span>
     <span class='ocr_line' id='line_1_7' title="bbox 822 534 1148 584; baseline 0.009 -12"><span class='ocrx_word' id='word_1_22' title='bbox 822 537 889 584; x_wconf 88' lang='lat' dir='ltr'><strong>iri,</strong></span> <span class='ocrx_word' id='word_1_23' title='bbox 915 544 963 574; x_wconf 84' lang='lat' dir='ltr'>ut</span> <span class='ocrx_word' id='word_1_24' title='bbox 990 534 1148 575; x_wconf 85' lang='lat' dir='ltr'>darem.</span> 
     </span>
    </p>
   </div>
   <div class='ocr_carea' id='block_1_3' title="bbox 89 599 1423 764">
    <p class='ocr_par' dir='ltr' id='par_1_3' title="bbox 89 599 1423 764">
     <span class='ocr_line' id='line_1_8' title="bbox 663 599 849 637; baseline -0.011 0"><span class='ocrx_word' id='word_1_25' title='bbox 663 599 849 637; x_wconf 67' lang='lat' dir='ltr'><strong>DAvvs.</strong></span> 
     </span>
     <span class='ocr_line' id='line_1_9' title="bbox 89 652 1423 714; baseline 0.001 -12"><span class='ocrx_word' id='word_1_26' title='bbox 89 669 166 714; x_wconf 87' lang='lat'>375</span> <span class='ocrx_word' id='word_1_27' title='bbox 196 662 432 703; x_wconf 83' lang='lat' dir='ltr'>Curabitur.</span> <span class='ocrx_word' id='word_1_28' title='bbox 487 652 559 702; x_wconf 87' lang='lat' dir='ltr'>Set</span> <span class='ocrx_word' id='word_1_29' title='bbox 586 670 717 714; x_wconf 76' lang='lat' dir='ltr'>pater&#39;</span> <span class='ocrx_word' id='word_1_30' title='bbox 738 661 870 700; x_wconf 87' lang='lat' dir='ltr'>adest.</span> <span class='ocrx_word' id='word_1_31' title='bbox 926 662 1041 702; x_wconf 84' lang='lat' dir='ltr'>Cave</span> <span class='ocrx_word' id='word_1_32' title='bbox 1070 663 1231 702; x_wconf 72' lang='lat' dir='ltr'>tristem</span> <span class='ocrx_word' id='word_1_33' title='bbox 1259 672 1301 702; x_wconf 85' lang='lat' dir='ltr'>te</span> <span class='ocrx_word' id='word_1_34' title='bbox 1331 675 1423 704; x_wconf 74' lang='lat' dir='ltr'>esse</span> 
     </span>
     <span class='ocr_line' id='line_1_10' title="bbox 824 726 990 764; baseline -0.006 0"><span class='ocrx_word' id='word_1_35' title='bbox 824 726 990 764; x_wconf 81' lang='lat' dir='ltr'>sentiat.</span> 
     </span>
    </p>
   </div>
   <div class='ocr_carea' id='block_1_4' title="bbox 606 880 901 901">
    <p class='ocr_par' dir='ltr' id='par_1_4' title="bbox 606 880 901 901">
     <span class='ocr_line' id='line_1_11' title="bbox 606 880 901 901; baseline 0 2075"><span class='ocrx_word' id='word_1_36' title='bbox 606 880 901 901; x_wconf 95' lang='lat' dir='ltr'> </span> 
     </span>
    </p>
   </div>
   <div class='ocr_carea' id='block_1_5' title="bbox 83 1001 1417 1950">
    <p class='ocr_par' dir='ltr' id='par_1_5' title="bbox 83 1001 1417 1950">
     <span class='ocr_line' id='line_1_12' title="bbox 215 1001 1290 1059; baseline 0 -7"><span class='ocrx_word' id='word_1_37' title='bbox 215 1001 425 1059; x_wconf 79' lang='lat' dir='ltr'><strong>SIMO.</strong></span> <span class='ocrx_word' id='word_1_38' title='bbox 492 1001 770 1051; x_wconf 88' lang='lat' dir='ltr'><strong>DAVVS.</strong></span> <span class='ocrx_word' id='word_1_39' title='bbox 828 1001 1176 1050; x_wconf 90' lang='lat' dir='ltr'>PAMPHIL</span> <span class='ocrx_word' id='word_1_40' title='bbox 1191 1002 1290 1052; x_wconf 87' lang='lat' dir='ltr'>VS.</span> 
     </span>
     <span class='ocr_line' id='line_1_13' title="bbox 186 1100 793 1173; baseline 0.005 -4"><span class='ocrx_word' id='word_1_41' title='bbox 186 1100 237 1127; x_wconf 36' lang='grc' dir='ltr'>μέ</span> <span class='ocrx_word' id='word_1_42' title='bbox 646 1134 793 1173; x_wconf 77' lang='grc' dir='ltr'><strong>ὃιΜο.</strong></span> 
     </span>
     <span class='ocr_line' id='line_1_14' title="bbox 186 1187 1417 1252; baseline 0.005 -17"><span class='ocrx_word' id='word_1_43' title='bbox 186 1195 358 1245; x_wconf 81' lang='lat' dir='ltr'>Reviso,</span> <span class='ocrx_word' id='word_1_44' title='bbox 378 1197 483 1251; x_wconf 75' lang='lat' dir='ltr'><strong>quid</strong></span> <span class='ocrx_word' id='word_1_45' title='bbox 501 1207 642 1252; x_wconf 78' lang='lat' dir='ltr'><strong>agant,</strong></span> <span class='ocrx_word' id='word_1_46' title='bbox 663 1207 735 1236; x_wconf 87' lang='lat' dir='ltr'>aut</span> <span class='ocrx_word' id='word_1_47' title='bbox 758 1187 863 1252; x_wconf 62' lang='lat' dir='ltr'>quia</span> <span class='ocrx_word' id='word_1_48' title='bbox 883 1206 1056 1249; x_wconf 66' lang='lat' dir='ltr'>captent</span> <span class='ocrx_word' id='word_1_49' title='bbox 1076 1200 1239 1240; x_wconf 83' lang='lat' dir='ltr'>consili.</span> <span class='ocrx_word' id='word_1_50' title='bbox 1299 1200 1350 1240; x_wconf 93' lang='lat' dir='ltr'>II.</span> <span class='ocrx_word' id='word_1_51' title='bbox 1378 1208 1417 1248; x_wconf 79' lang='lat'>3.</span> 
     </span>
     <span class='ocr_line' id='line_1_15' title="bbox 654 1263 845 1300; baseline 0 0"><span class='ocrx_word' id='word_1_52' title='bbox 654 1263 845 1300; x_wconf 70' lang='lat' dir='ltr'>DAvvs.</span> 
     </span>
     <span class='ocr_line' id='line_1_16' title="bbox 188 1324 1384 1384; baseline 0.006 -21"><span class='ocrx_word' id='word_1_53' title='bbox 188 1325 271 1363; x_wconf 81' lang='lat' dir='ltr'>Hic</span> <span class='ocrx_word' id='word_1_54' title='bbox 296 1336 411 1362; x_wconf 86' lang='lat' dir='ltr'>nunc</span> <span class='ocrx_word' id='word_1_55' title='bbox 438 1336 529 1363; x_wconf 88' lang='lat' dir='ltr'>non</span> <span class='ocrx_word' id='word_1_56' title='bbox 557 1325 737 1374; x_wconf 86' lang='lat' dir='ltr'>dubitat,</span> <span class='ocrx_word' id='word_1_57' title='bbox 767 1327 872 1378; x_wconf 85' lang='lat' dir='ltr'>quin</span> <span class='ocrx_word' id='word_1_58' title='bbox 900 1334 942 1363; x_wconf 90' lang='lat' dir='ltr'>te</span> <span class='ocrx_word' id='word_1_59' title='bbox 972 1324 1197 1368; x_wconf 82' lang='lat' dir='ltr'><strong>ducturum</strong></span> <span class='ocrx_word' id='word_1_60' title='bbox 1226 1342 1384 1384; x_wconf 82' lang='lat' dir='ltr'>neges;</span> 
     </span>
     <span class='ocr_line' id='line_1_17' title="bbox 188 1388 1138 1439; baseline 0.004 -12"><span class='ocrx_word' id='word_1_61' title='bbox 188 1388 419 1427; x_wconf 84' lang='lat' dir='ltr'>Meditatus</span> <span class='ocrx_word' id='word_1_62' title='bbox 446 1391 563 1428; x_wconf 74' lang='lat' dir='ltr'>venit</span> <span class='ocrx_word' id='word_1_63' title='bbox 591 1389 789 1429; x_wconf 85' lang='lat' dir='ltr'><strong>alicunde</strong></span> <span class='ocrx_word' id='word_1_64' title='bbox 818 1403 869 1427; x_wconf 87' lang='lat' dir='ltr'>ex</span> <span class='ocrx_word' id='word_1_65' title='bbox 894 1388 989 1428; x_wconf 87' lang='lat' dir='ltr'>solo</span> <span class='ocrx_word' id='word_1_66' title='bbox 1016 1390 1138 1439; x_wconf 89' lang='lat' dir='ltr'>loco;</span> 
     </span>
     <span class='ocr_line' id='line_1_18' title="bbox 190 1452 938 1505; baseline 0.001 -14"><span class='ocrx_word' id='word_1_67' title='bbox 190 1452 442 1491; x_wconf 85' lang='lat' dir='ltr'>Orationem</span> <span class='ocrx_word' id='word_1_68' title='bbox 470 1464 613 1505; x_wconf 82' lang='lat' dir='ltr'>sperat</span> <span class='ocrx_word' id='word_1_69' title='bbox 638 1455 850 1492; x_wconf 84' lang='lat' dir='ltr'>invenisse</span> <span class='ocrx_word' id='word_1_70' title='bbox 878 1467 938 1502; x_wconf 85' lang='lat' dir='ltr'>se,</span> 
     </span>
     <span class='ocr_line' id='line_1_19' title="bbox 83 1513 1233 1571; baseline 0.006 -17"><span class='ocrx_word' id='word_1_71' title='bbox 83 1521 163 1562; x_wconf 82' lang='lat'>380</span> <span class='ocrx_word' id='word_1_72' title='bbox 192 1516 278 1569; x_wconf 79' lang='lat' dir='ltr'>Quj</span> <span class='ocrx_word' id='word_1_73' title='bbox 307 1513 478 1555; x_wconf 84' lang='lat' dir='ltr'>differat</span> <span class='ocrx_word' id='word_1_74' title='bbox 505 1526 567 1556; x_wconf 90' lang='lat' dir='ltr'>te:</span> <span class='ocrx_word' id='word_1_75' title='bbox 594 1519 725 1570; x_wconf 89' lang='lat' dir='ltr'>proin</span> <span class='ocrx_word' id='word_1_76' title='bbox 753 1528 798 1556; x_wconf 87' lang='lat' dir='ltr'>tu</span> <span class='ocrx_word' id='word_1_77' title='bbox 825 1517 894 1556; x_wconf 83' lang='lat' dir='ltr'>fae</span> <span class='ocrx_word' id='word_1_78' title='bbox 923 1519 1039 1571; x_wconf 87' lang='lat' dir='ltr'>apud.</span> <span class='ocrx_word' id='word_1_79' title='bbox 1067 1530 1109 1560; x_wconf 89' lang='lat' dir='ltr'>te</span> <span class='ocrx_word' id='word_1_80' title='bbox 1138 1523 1233 1561; x_wconf 80' lang='lat' dir='ltr'>sies.</span> 
     </span>
     <span class='ocr_line' id='line_1_20' title="bbox 591 1582 896 1621; baseline 0 -1"><span class='ocrx_word' id='word_1_81' title='bbox 591 1582 896 1621; x_wconf 68' lang='lat' dir='ltr'><strong>PAMPnlnvs.</strong></span> 
     </span>
     <span class='ocr_line' id='line_1_21' title="bbox 186 1643 615 1695; baseline 0.009 -15"><span class='ocrx_word' id='word_1_82' title='bbox 186 1643 246 1681; x_wconf 84' lang='lat' dir='ltr'>Vt</span> <span class='ocrx_word' id='word_1_83' title='bbox 270 1645 431 1695; x_wconf 84' lang='lat' dir='ltr'>possim</span> <span class='ocrx_word' id='word_1_84' title='bbox 457 1644 615 1684; x_wconf 84' lang='lat' dir='ltr'>modo!</span> 
     </span>
     <span class='ocr_line' id='line_1_22' title="bbox 650 1709 834 1749; baseline -0.005 0"><span class='ocrx_word' id='word_1_85' title='bbox 650 1709 834 1749; x_wconf 73' lang='lat' dir='ltr'>DAvvs.</span> 
     </span>
     <span class='ocr_line' id='line_1_23' title="bbox 533 1771 1415 1828; baseline 0.003 -15"><span class='ocrx_word' id='word_1_86' title='bbox 533 1773 676 1813; x_wconf 84' lang='lat' dir='ltr'>Crede</span> <span class='ocrx_word' id='word_1_87' title='bbox 703 1772 788 1812; x_wconf 91' lang='lat' dir='ltr'>hoc</span> <span class='ocrx_word' id='word_1_88' title='bbox 816 1771 933 1822; x_wconf 75' lang='lat' dir='ltr'>mihi,</span> <span class='ocrx_word' id='word_1_89' title='bbox 962 1776 1151 1828; x_wconf 83' lang='lat' dir='ltr'>inquam,</span> <span class='ocrx_word' id='word_1_90' title='bbox 1182 1774 1415 1828; x_wconf 79' lang='lat' dir='ltr'><strong>Pamphile,</strong></span> 
     </span>
     <span class='ocr_line' id='line_1_24' title="bbox 186 1834 1327 1893; baseline 0.007 -20"><span class='ocrx_word' id='word_1_91' title='bbox 186 1836 416 1888; x_wconf 84' lang='lat' dir='ltr'><strong>Nunquam</strong></span> <span class='ocrx_word' id='word_1_92' title='bbox 443 1834 577 1876; x_wconf 77' lang='lat' dir='ltr'>hodje</span> <span class='ocrx_word' id='word_1_93' title='bbox 607 1847 747 1875; x_wconf 88' lang='lat' dir='ltr'>tecum</span> <span class='ocrx_word' id='word_1_94' title='bbox 776 1848 1132 1878; x_wconf 84' lang='lat' dir='ltr'>commutaturum</span> <span class='ocrx_word' id='word_1_95' title='bbox 1160 1851 1327 1893; x_wconf 84' lang='lat' dir='ltr'>patrem</span> 
     </span>
     <span class='ocr_line' id='line_1_25' title="bbox 187 1899 1148 1950; baseline 0.005 -13"><span class='ocrx_word' id='word_1_96' title='bbox 187 1899 331 1937; x_wconf 85' lang='lat' dir='ltr'><strong>Vnum</strong></span> <span class='ocrx_word' id='word_1_97' title='bbox 360 1912 451 1938; x_wconf 84' lang='lat' dir='ltr'>esse</span> <span class='ocrx_word' id='word_1_98' title='bbox 478 1899 668 1950; x_wconf 85' lang='lat' dir='ltr'>verbum,</span> <span class='ocrx_word' id='word_1_99' title='bbox 697 1904 731 1940; x_wconf 87' lang='lat' dir='ltr'>si</span> <span class='ocrx_word' id='word_1_100' title='bbox 762 1911 803 1940; x_wconf 91' lang='lat' dir='ltr'>te</span> <span class='ocrx_word' id='word_1_101' title='bbox 833 1901 948 1941; x_wconf 78' lang='lat' dir='ltr'>dices</span> <span class='ocrx_word' id='word_1_102' title='bbox 978 1902 1148 1943; x_wconf 85' lang='lat' dir='ltr'>ducere.</span> 
     </span>
    </p>
   </div>
   <div class='ocr_carea' id='block_1_6' title="bbox 603 2055 893 2075">
    <p class='ocr_par' dir='ltr' id='par_1_6' title="bbox 603 2055 893 2075">
     <span class='ocr_line' id='line_1_26' title="bbox 603 2055 893 2075; baseline 0 901"><span class='ocrx_word' id='word_1_103' title='bbox 603 2055 893 2075; x_wconf 95' lang='lat' dir='ltr'> </span> 
     </span>
    </p>
   </div>
   <div class='ocr_carea' id='block_1_7' title="bbox 246 2176 1218 2306">
    <p class='ocr_par' dir='ltr' id='par_1_7' title="bbox 246 2176 1218 2306">
     <span class='ocr_line' id='line_1_27' title="bbox 246 2176 1218 2233; baseline 0.009 -11"><span class='ocrx_word' id='word_1_104' title='bbox 246 2176 596 2224; x_wconf 89' lang='lat' dir='ltr'><strong>BYRRHIA.</strong></span> <span class='ocrx_word' id='word_1_105' title='bbox 664 2178 875 2230; x_wconf 84' lang='lat' dir='ltr'><strong>SIMO.</strong></span> <span class='ocrx_word' id='word_1_106' title='bbox 940 2182 1218 2233; x_wconf 88' lang='lat' dir='ltr'><strong>DAVVS.</strong></span> 
     </span>
     <span class='ocr_line' id='line_1_28' title="bbox 520 2254 982 2306; baseline 0.013 -6"><span class='ocrx_word' id='word_1_107' title='bbox 520 2254 982 2306; x_wconf 89' lang='lat' dir='ltr'><strong>PAMPHILVS.</strong></span> 
     </span>
    </p>
   </div>
   <div class='ocr_carea' id='block_1_8' title="bbox 82 2387 1408 2644">
    <p class='ocr_par' dir='ltr' id='par_1_8' title="bbox 189 2387 1408 2510">
     <span class='ocr_line' id='line_1_29' title="bbox 666 2400 1218 2431; baseline 0.011 -6"><span class='ocrx_word' id='word_1_108' title='bbox 666 2400 693 2425; x_wconf 75' lang='grc' dir='ltr'><strong>τ</strong></span> <span class='ocrx_word' id='word_1_109' title='bbox 863 2420 873 2428; x_wconf 86' lang='grc'><strong>.</strong></span> <span class='ocrx_word' id='word_1_110' title='bbox 1213 2424 1218 2431; x_wconf 94' lang='grc'>.</span> 
     </span>
     <span class='ocr_line' id='line_1_30' title="bbox 189 2387 1408 2510; baseline 0.009 -23"><span class='ocrx_word' id='word_1_111' title='bbox 189 2449 325 2488; x_wconf 82' lang='lat' dir='ltr'>Herus</span> <span class='ocrx_word' id='word_1_112' title='bbox 353 2462 436 2497; x_wconf 86' lang='lat' dir='ltr'>me,</span> <span class='ocrx_word' id='word_1_113' title='bbox 463 2387 938 2501; x_wconf 50' lang='grc' dir='ltr'>τεΙίςῑίεΒι-εἲιζῗιίιῖεείῐ</span> <span class='ocrx_word' id='word_1_114' title='bbox 965 2455 1230 2508; x_wconf 81' lang='lat' dir='ltr'><strong>Pamphilum</strong></span> <span class='ocrx_word' id='word_1_115' title='bbox 1288 2458 1340 2498; x_wconf 90' lang='grc' dir='ltr'>Π.</span> <span class='ocrx_word' id='word_1_116' title='bbox 1368 2463 1408 2510; x_wconf 78' lang='grc'>4.</span> 
     </span>
    </p>

    <p class='ocr_par' dir='ltr' id='par_1_9' title="bbox 82 2512 1407 2644">
     <span class='ocr_line' id='line_1_31' title="bbox 82 2512 1234 2574; baseline 0.01 -25"><span class='ocrx_word' id='word_1_117' title='bbox 82 2516 159 2559; x_wconf 82' lang='lat'>385</span> <span class='ocrx_word' id='word_1_118' title='bbox 186 2512 330 2551; x_wconf 89' lang='lat' dir='ltr'>Hodie</span> <span class='ocrx_word' id='word_1_119' title='bbox 359 2512 643 2564; x_wconf 80' lang='lat' dir='ltr'>observarem,</span> <span class='ocrx_word' id='word_1_120' title='bbox 671 2517 776 2569; x_wconf 85' lang='lat' dir='ltr'><strong>quid</strong></span> <span class='ocrx_word' id='word_1_121' title='bbox 804 2530 951 2574; x_wconf 86' lang='lat' dir='ltr'>ageret</span> <span class='ocrx_word' id='word_1_122' title='bbox 979 2520 1034 2560; x_wconf 88' lang='lat' dir='ltr'>de</span> <span class='ocrx_word' id='word_1_123' title='bbox 1060 2519 1234 2574; x_wconf 74' lang='lat' dir='ltr'>miptiis.</span> 
     </span>
     <span class='ocr_line' id='line_1_32' title="bbox 184 2575 1407 2644; baseline 0.01 -28"><span class='ocrx_word' id='word_1_124' title='bbox 184 2575 328 2629; x_wconf 85' lang='lat' dir='ltr'><strong>Ipsum</strong></span> <span class='ocrx_word' id='word_1_125' title='bbox 356 2578 467 2617; x_wconf 87' lang='lat' dir='ltr'>adeo</span> <span class='ocrx_word' id='word_1_126' title='bbox 493 2589 666 2632; x_wconf 84' lang='lat' dir='ltr'>praesto</span> <span class='ocrx_word' id='word_1_127' title='bbox 694 2581 822 2622; x_wconf 85' lang='lat' dir='ltr'>video</span> <span class='ocrx_word' id='word_1_128' title='bbox 852 2597 948 2623; x_wconf 88' lang='lat' dir='ltr'>cum</span> <span class='ocrx_word' id='word_1_129' title='bbox 973 2585 1120 2626; x_wconf 82' lang='lat' dir='ltr'>Davo:</span> <span class='ocrx_word' id='word_1_130' title='bbox 1158 2585 1243 2626; x_wconf 92' lang='lat' dir='ltr'>hoc</span> <span class='ocrx_word' id='word_1_131' title='bbox 1273 2602 1407 2644; x_wconf 79' lang='lat' dir='ltr'>agam.</span> 
     </span>
    </p>
   </div>
  </div>
 </body>
</html>
