1676 2976
656 67 923 110 ANDRIA.
942 58 949 64 '
1380 41 1458 119 ’ὃ

717 175 861 214 Simo.

227 238 355 278 Vnde
383 238 431 278 id
458 237 563 278 scis?

694 302 879 340 DAvvs.

423 365 580 406 Audivi
610 375 650 404 et
681 364 834 404 credo:
863 362 995 403 multa
1025 369 1282 402 concurrunt
1309 359 1448 408 simul,

230 430 315 482 Qui
346 432 634 469 coniecturam
672 427 781 467 hanc
816 441 931 466 nunc
966 426 1092 465 facio.
1146 425 1233 464 lam
1267 425 1449 476 primum

852 489 958 529 haec
987 504 1033 529 se
1063 503 1086 528 e
1115 486 1334 540 Pamphilo

231 557 462 596 Gravidam
491 556 595 596 dixit
621 567 737 601 esse;
766 556 982 592 inventum
1013 563 1075 592 est
1101 552 1264 591 falsum.
1307 552 1448 599 Nunc,

498 653 502 656 ,
849 629 1075 670 postquam
1102 617 1235 663 videt,

120 688 199 736 485
226 686 404 735 Nuptias
436 683 552 722 domi
583 681 793 733 adparari,
822 683 1038 720 missa'est
1066 680 1218 719 ancilla
1246 679 1362 717 illico

230 747 512 787 Obstetricem
541 749 783 784 arcessitum
814 745 868 782 ad
896 759 988 783 eam
1027 755 1067 782 et
1093 756 1272 795 puerum
1300 751 1347 780 ut
1373 740 1446 780 ad-

590 859 595 863 ,
849 807 979 846 ferret
1005 807 1141 846 simul.

228 875 324 913 Hoc
358 875 404 913 ni
439 870 507 919 fit,
553 881 598 908 tu
631 883 811 922 puerum
848 880 893 907 ut
923 870 1088 919 videas,
1132 869 1195 908 nil
1220 878 1446 907 moventur

845 936 1034 985 nuptiae.

707 997 851 1036 Sum.

226 1063 342 1117 Quid
370 1062 488 1101 aisti?
516 1076 611 1101 cum
639 1060 904 1100 intellexeras
933 1059 980 1098 id
1008 1059 1158 1098 consili

224 1130 405 1179 Capere,
435 1139 509 1164 cur
533 1139 624 1165 non
653 1123 866 1175 extemplo
897 1124 999 1162 dixti
1027 1121 1275 1175 Pamphilo?

684 1190 870 1228 DAvvs.

118 1259 197 1309 490
224 1253 329 1307 Quis
357 1254 486 1307 igitur
514 1267 610 1293 eum
638 1251 690 1291 ab
717 1251 790 1290 illa
828 1249 1045 1300 abstraxit3
1081 1253 1163 1289 nisi
1201 1250 1308 1305 ego?
1342 1263 1441 1288 nam

334 1326 339 1333 “
845 1328 992 1354 omnes
1020 1329 1099 1354 nos
1129 1315 1302 1367 quidem

221 1383 398 1431 Scimus,
427 1393 554 1434 quam
581 1382 734 1420 misere
762 1378 871 1418 hanc
891 1381 1058 1422 amarit:
1088 1392 1202 1418 nunc
1230 1377 1310 1417 sibi
1337 1391 1441 1416 uxo-

843 1457 933 1482 rem
963 1445 1132 1495 expetit.

222 1511 442 1549 Postremo
471 1509 518 1548 id
546 1508 600 1549 da
626 1506 730 1547 mihi
757 1509 925 1561 negoti:
965 1517 1010 1545 tu
1044 1517 1186 1545 tamen
1222 1506 1338 1545 idem
1366 1505 1439 1546 has

845 1573 1014 1621 nuptias
1356 1608 1359 1610 .

222 1638 356 1691 Perge
383 1635 525 1677 facere
559 1637 620 1674 ita
652 1644 700 1674 ut
735 1634 861 1680 facis:
900 1644 942 1672 et
975 1634 1022 1673 id
1058 1647 1184 1686 spero
1222 1633 1440 1672 adjuturos

845 1697 964 1739 deos.

704 1762 798 1801 Su«
809 1775 849 1800 0.

219 1828 311 1867 Imo
341 1827 410 1867 abi
436 1829 571 1873 intro;
608 1825 669 1864 ibi
694 1838 764 1864 me
793 1827 1015 1877 opperire,
1053 1834 1119 1871 et,
1147 1824 1266 1876 quod
1291 1833 1441 1875 parato

845 1902 968 1940 opus,
995 1901 1111 1940 para.
1140 1911 1193 1917 -

120 1961 198 2010 495
224 1958 325 1995 Non
350 1953 518 2006 impulit
545 1966 629 2001 me,
658 1951 762 1991 haec
789 1966 903 1991 nunc
931 1954 1108 1990 omnino
1135 1961 1182 1988 ut
1202 1949 1441 1996 crederem‘3

226 2021 298 2058 Set
324 2020 443 2070 parvi
469 2015 638 2068 pendo:
680 2015 781 2053 illuc
807 2015 911 2053 mihi
937 2014 1071 2053 multo
1100 2027 1337 2052 maxumum
1366 2022 1464 2062 est,'

226 2083 358 2135 Quod
384 2079 488 2119 mihi
514 2079 729 2132 pollicitus
758 2082 849 2130 ipse
870 2088 1032 2132 gnatus.
1074 2079 1199 2116 Nunc
1219 2075 1444 2116 Chremem

227 2148 514 2189 Conveniam;
545 2141 678 2182 orabo
708 2153 837 2196 gnato
865 2155 1062 2186 uxorem:
1090 2141 1138 2182 id
1163 2143 1199 2179 si
1225 2143 1426 2192 impetro,

228 2208 414 2263 Quando
456 2206 556 2246 alias
594 2205 759 2255 malim,
794 2220 920 2260 quam
958 2203 1112 2254 hodie,
1148 2203 1221 2244 has
1248 2204 1339 2246 fieri
1365 2217 1446 2243 nu-

848 2268 986 2321 ptias?
1405 2267 1466 2344 ᾖ

122 2344 200 2384 500
226 2338 336 2375 Nam
365 2345 530 2388 gnatus,
559 2333 678 2386 quod
703 2332 934 2385 pollicitus,
963 2330 1065 2371 haut
1083 2331 1259 2371 dubium
1276 2331 1470 2402 iQilu

229 2401 270 2437 Si
300 2398 423 2447 nolit,
453 2399 557 2451 quin
586 2410 682 2436 eum
708 2399 861 2434 merito
887 2399 1048 2448 possim
1078 2409 1247 2451 cogere,
1375 2399 1378 2402 “

227 2464 367 2516 Atque
397 2461 507 2500 adeo
537 2463 583 2499 in
609 2463 704 2513 ipso
726 2469 920 2511 tempore
940 2474 1087 2501 eccum
1104 2464 1243 2514 ipsum
1262 2458 1444 2499 obviam.

642 2554 927 2575 -—-—

1506 2498 1577 2616 ’ὲ

1522 2705 1540 2716 z
