1676 2976
102 0 112 8 w
151 0 155 3 ⁷
168 0 205 10 vae
213 0 240 10 wc.
245 0 266 7 -v
351 0 354 1 ⁷
377 7 379 9 .
446 0 450 2 *
504 4 506 7 .
740 0 750 6 =
888 0 921 9 μιν
1022 0 1039 6 ’-
1334 0 1357 11 «ν

96 18 103 29 α
279 0 374 36 Ὗ

41 63 46 73 Ι

609 110 908 152 ADELPHI.
1342 122 1420 162 255

622 211 905 250 Sosrarra,
1036 249 1039 255 ,

199 273 274 313 Me
301 275 523 323 miseram,
561 275 765 328 quidnam
796 284 882 323 est,
920 274 1038 328 quod
1066 277 1126 315 sic
1151 276 1280 317 video
1308 281 1419 317 timi-

712 337 812 376 dum
842 347 883 376 et
908 349 1213 392 properantem
1241 340 1419 395 Getam?

678 400 835 440 Gara.

95 468 172 510 280
199 463 339 517 Quem
366 478 509 518 neque
535 464 640 504 fides
666 477 809 518 neque
836 467 1128 506 iusiurandum
1162 481 1305 523 neque
1331 469 1418 510 ulla

820 530 1115 570 misericordia

195 591 415 643 Repressit
441 605 583 646 neque
612 591 799 641 reflexit,
834 605 999 645 neque,
1035 594 1155 647 quod
1179 606 1323 648 partus
1351 600 1415 638 in-

819 656 954 695 stabat
980 672 1134 710 prope,

196 718 275 757 Cui
302 721 483 759 miserae
509 719 744 774 indigniter
769 722 809 759 vi
837 722 985 760 vitium
1014 721 1246 763 obtulerat!

619 783 900 824 Sos‘rnara.

1082 851 1184 891 Non
1204 851 1413 908 intelligo.

193 908 315 957 Satis,
345 923 455 963 quae
482 910 684 964 loquitur.

607 976 906 1014 CANTHARA.

410 1038 605 1091 Propius,
635 1039 834 1087 obsecro,
863 1032 1130 1090 accedamus,
1160 1042 1366 1084 Sostrata!

673 1103 830 1142 Gara.

190 1227 265 1265 Me
291 1229 517 1267 miserum!
553 1231 621 1268 vix
647 1242 740 1267 sum
776 1241 955 1281 compos
994 1232 1145 1270 animi:
1183 1234 1242 1272 ita
1278 1235 1412 1276 ardeo

812 1293 1056 1332 iracundia!

90 1357 165 1397 285
191 1351 306 1392 Nihil
336 1363 412 1402 est,
441 1355 560 1407 quod
578 1354 736 1405 malim,
765 1369 890 1408 quam
910 1357 1038 1397 illanc
1057 1368 1190 1398 totam
1207 1359 1412 1402 familiam

815 1420 906 1459 dari
935 1422 1119 1473 obviam,

189 1482 249 1520 Vt
277 1494 359 1535 ego
386 1484 491 1520 iram
519 1479 628 1521 hanc
654 1484 701 1522 in
738 1497 811 1524 eos
850 1499 1042 1526 evomam
1081 1501 1273 1538 omnem,
1310 1490 1412 1530 dum

761 1551 986 1603 aegritudo
1014 1549 1120 1590 haec
1149 1562 1211 1591 est
1237 1559 1408 1595 recens!

189 1608 295 1649 Satis
331 1612 390 1648 mi
425 1611 472 1649 id
507 1609 686 1650 habeam
720 1612 928 1664 supplici,
965 1613 1065 1652 dum
1098 1615 1195 1654 illos
1231 1615 1411 1658 ulciscar

810 1690 909 1715 meo
938 1678 1085 1717 modo.

189 1736 290 1775 Seni
324 1740 506 1776 animam
539 1739 679 1789 primo
718 1742 1027 1793 exstinguerem
1056 1744 1162 1794 ipsi,
1201 1745 1273 1796 qui
1301 1744 1410 1786 illud

813 1804 1017 1855 produxit
1043 1805 1200 1851 scelus:

190 1864 300 1902 Tum
330 1874 470 1904 autem
498 1866 647 1919 Syrum
674 1867 965 1918 impulsorem,
1000 1869 1080 1907 vah
1109 1868 1261 1922 quibus
1287 1871 1409 1911 illum

809 1931 1040 1970 lacerarem
1068 1934 1229 1973 modis!

87 2003 162 2043 ²90
189 1989 419 2030 Sublimem
446 1992 635 2032 medium
662 1996 892 2047 arriperem
922 2005 964 2034 et
993 1999 1131 2048 capite
1158 2011 1342 2049 pronum
1359 2003 1408 2041 in

811 2068 965 2097 terram
993 2069 1235 2111 statuerem,

190 2118 379 2157 Cerebro
408 2121 516 2156 viam
544 2130 591 2158 ut
619 2120 903 2176 dispergeret:

187 2182 464 2221 Adolescenti
493 2186 575 2235 ipsi
604 2187 813 2237 eriperem
843 2187 1006 2236 oculos,
1033 2188 1214 2241 posthac
1238 2195 1405 2244 praeci-

807 2253 940 2302 pitem
969 2253 1136 2299 darem3

189 2311 364 2350 Ceteros
385 2324 567 2361 ruerem,
594 2325 778 2366 agerem,
798 2328 1007 2366 raperem,
1036 2316 1275 2368 tunderem,
1300 2334 1403 2372 pro-

804 2388 1050 2419 sternerem.

166 2434 258 2477 ‘Set
286 2451 404 2477 cesso
432 2436 578 2478 heram
605 2439 690 2478 hoc
715 2439 828 2480 malo
856 2444 1065 2496 impertiri
1090 2447 1307 2498 propere?

600 2503 883 2547 Sos‘rnara.

954 2570 1235 2615 Revocemus.
1263 2575 1395 2616 Geta!
