1676 2976
253 157 332 200 290
382 156 402 164 -
725 140 769 180 P.
807 136 1109 179 'reanum

359 242 547 299 Quando
576 252 659 296 ego
688 248 806 278 tuum
834 250 925 277 non
954 249 1073 287 euro,
1100 249 1157 277 ne
1186 250 1287 278 cura
1313 240 1475 278 meum!

590 325 606 341 ·
831 302 1019 341 Micio.

361 371 465 412 Non
493 380 679 423 aequom
708 367 814 407 dicis
828 396 837 405 .
852 393 884 404 ..
899 394 909 404 .

826 430 1024 470 Damna.

922 491 1051 533 Non?

828 558 1016 597 Micio.

704 623 812 661 Nam
840 631 959 661 vetus
990 617 1163 659 verbum
1191 616 1275 658 hoc
1303 618 1477 673 quidem
1507 629 1594 660 est:

362 688 618 729 Communia
648 700 741 726 esse
770 687 1007 726 amicorum
1034 684 1147 722 inter
1172 696 1218 723 se
1248 685 1407 723 omnia.

826 751 1022 789 Danas.

360 816 537 857 Facete!
567 828 683 856 nunc
712 815 884 855 demum
913 815 1044 851 istaec
1071 821 1172 851 nata
1203 813 1342 851 oratio
1372 811 1463 852 est?

831 878 1019 917 Μιοιο.

253 952 332 1001 780
358 944 560 986 Ausculta
588 945 752 997 paucis,
780 944 863 981 nisi
890 938 1119 979 molestum
1150 948 1228 988 est,
1255 941 1435 980 Demea.

197 1027 217 1043 ›-
358 1011 595 1060 Principio,
624 1010 659 1047 si
687 1007 733 1046 id
766 1017 807 1046 te
836 1004 1021 1052 mordet,
1050 1014 1235 1043 sumtum
1265 1003 1340 1042 filii

361 1074 501 1126 Quem
531 1072 706 1121 faciunt,
736 1082 895 1125 quaeso
926 1068 1010 1107 hoc
1038 1068 1168 1107 facito
1201 1078 1341 1107 tecum
1372 1069 1557 1122 cogites:

358 1137 425 1176 Tu
456 1137 552 1176 illos
584 1137 684 1175 duo,
702 1135 805 1174 olim
833 1148 914 1187 pro
943 1147 992 1173 re
1021 1132 1200 1172 tollebas
1231 1142 1317 1181 tua,

360 1201 493 1255 Quod
521 1202 619 1240 satis
648 1198 825 1252 putabas
857 1209 924 1238 tua
958 1197 1069 1236 bona
1100 1195 1306 1236 ambobus
1337 1195 1447 1245 fore,

251 1270 330 1319 785
359 1266 410 1304 Et
439 1279 507 1304 me
537 1275 624 1303 tum
652 1277 830 1304 uxorem
860 1262 1079 1301 credidisti
1108 1261 1272 1300 scilicet

358 1331 615 1370 Ducturum:
650 1351 695 1358 --
728 1326 908 1366 eandem
939 1327 1149 1364 rationem
1179 1327 1396 1377 antiquam
1418 1322 1590 1362 obtine:

360 1395 593 1437 conserva,
624 1403 797 1444 quaere,
825 1404 970 1443 parce,
999 1388 1066 1427 fac
1095 1402 1220 1442 quam
1252 1387 1479 1439 plurimum

358 1456 444 1496 Illis
472 1455 705 1509 relinquas,
733 1454 1000 1508 gloriamque
1030 1454 1164 1491 istanc
1193 1451 1289 1496 tibi;

358 1521 482 1575 Quae
511 1533 604 1558 mea
633 1527 804 1571 praeter
832 1530 951 1569 spem
982 1529 1181 1564 evenere,
1210 1525 1382 1554 utantur
1410 1517 1521 1554 sine·

250 1598 330 1640 790
355 1585 423 1624 De
451 1596 611 1623 summa
642 1581 703 1621 nil
733 1580 938 1626 decedet;
968 1580 1085 1634 quod
1117 1578 1215 1618 hinc
1245 1581 1484 1650 accesserit,

357 1648 405 1688 In
431 1647 552 1686 lucro
583 1646 630 1685 id
659 1646 865 1697 deputato
895 1657 986 1683 esse
1017 1656 1159 1682 omne.
1189 1644 1306 1682 Haec
1334 1645 1369 1683 si
1392 1630 1515 1683 ‘soles

355 1712 405 1752 In
435 1713 579 1750 animo
609 1722 706 1749 vera
738 1710 945 1762 cogitare,
974 1708 1154 1754 Demea,

354 1775 478 1826 Mihi,
509 1774 600 1824 tibi,
629 1773 711 1813 illis
744 1772 947 1811 demseris
976 1770 1230 1810 molestiam.

816 1837 1016 1875 Damna

354 1904 484 1945 Mitto
513 1916 628 1950 remg
658 1899 1015 1941 consuetudinem
1044 1901 1325 1952 ipsorum....

827 1965 875 2004 M
886 1978 899 2003 ι
912 1978 935 2003 c
946 1978 961 2004 ι
970 1977 1011 2003 ο.

0 1992 37 2111 ι,
1433 2024 1583 2067 Mane:

246 2102 326 2152 795
354 2097 477 2141 Scio:
507 2096 615 2133 istuc
644 2092 772 2132 Ibam.
800 2090 936 2131 Multa
964 2093 1008 2129 in
1038 2089 1228 2137 homine,
1256 2090 1436 2137 Demea,

350 2162 478 2215 Signa
508 2162 664 2206 insunt,
693 2154 846 2211 quibus
878 2170 927 2194 ex
957 2157 1202 2194 coniectura
1233 2153 1358 2192 facile
1388 2153 1448 2202 fit,

349 2226 449 2264 Duo
479 2223 596 2262 idern
627 2235 721 2260 cum
753 2220 928 2266 faciunt,
958 2232 1087 2271 sat-pe
1115 2228 1161 2257 ut
1189 2220 1325 2269 possis
1356 2218 1524 2257 dicere:

352 2289 462 2327 Huic
489 2286 588 2326 licet
618 2289 793 2337 impune
822 2283 966 2322 facere
995 2282 1092 2331 hoc,
1122 2281 1181 2320 illi
1210 2295 1299 2320 non
1327 2281 1444 2329 licet,

350 2353 451 2391 Non
480 2364 568 2405 quo
598 2348 812 2389 dissimilis
842 2362 908 2387 res
937 2349 1005 2394 sit,
1034 2347 1110 2386 sed
1140 2361 1227 2399 quo
1256 2349 1305 2392 is,
1335 2350 1405 2399 qui
1438 2346 1550 2384 facit.

243 2421 323 2463 800
350 2415 473 2468 Quae
503 2428 586 2469 ego
615 2416 658 2452 in
688 2413 768 2451 illis
800 2426 892 2451 esse
922 2411 1065 2459 video,
1094 2421 1136 2449 ut
1160 2408 1386 2455 confidam.
1408 2414 1462 2448 ita
1485 2412 1577 2449 sore

348 2480 411 2518 Vt
425 2477 638 2517 volumus:
670 2477 799 2517 video
821 2490 894 2515 eos
915 2489 1066 2528 sapere
1087 2475 1326 2529 intelligere
1350 2477 1393 2514 in
1414 2474 1513 2514 loco
1535 2484 1577 2514 et

346 2543 514 2589 Vereri,
543 2541 757 2582 interdum
785 2554 946 2579 amare:
975 2542 1103 2579 scires
1134 2538 1311 2578 liberum

270 2656 306 2678 *V
347 2604 571 2660 Ingenium
599 2616 726 2660 atque
755 2607 964 2645 animum:
994 2606 1147 2659 quovis
1176 2603 1272 2643 illos
1304 2613 1347 2642 tu
1377 2601 1448 2642 die
