1676 2976
618 95 919 138 ADELPHI.
1355 107 1433 148 283

622 199 928 239 Anscnmvs.

215 261 334 315 Quid
367 259 449 299 hoc
486 271 549 300 est
583 263 757 316 negoti?
792 262 878 301 hoc
913 272 976 302 est
1011 273 1177 316 patrem
1214 276 1327 311 esse,
1362 273 1434 302 aut

837 325 921 365 hoc
950 338 1011 366 est
1037 327 1169 366 filium
1197 326 1314 366 esse?

215 388 258 425 Si
288 388 419 426 frater
446 398 516 426 aut
542 389 698 428 sodalis
729 399 859 438 esset,
894 392 967 443 qui
1001 404 1124 444 mage
1161 404 1325 430 morem
1358 404 1433 445 ge-

840 453 981 491 reret?

213 516 294 553 Hic
321 528 411 554 non
440 515 666 565 amandus,
702 514 827 556 hicne
862 531 954 556 non
991 518 1220 571 gestandus
1255 521 1302 557 in
1336 519 1431 557 sinu

495 618 499 620 ,
838 582 927 618 est?
955 580 1075 620 hem!

214 642 361 695 Itaque
399 642 509 681 adeo
545 656 743 697 magnam
777 646 836 682 mi
863 646 999 683 ‘miicit
1026 659 1099 684 sua
1129 646 1434 685 conunodjtate

839 721 997 757 curam,

109 768 186 815 635
212 770 279 808 Ne
315 770 563 821 imprudens
600 770 754 810 faciam
788 771 923 820 forte,
963 773 1082 825 quod
1116 773 1247 820 nolit;
1295 778 1434 814 sciens

843 835 1016 875 cavebo.

212 896 285 934 Set
314 909 432 936 cesso
461 900 525 937 ire
554 900 690 948 intro,
725 912 782 938 ne
818 914 965 939 morae
1003 903 1107 940 meis
1140 904 1300 954 nuptiis
1330 916 1434 956 ego-

838 974 927 1003 met
952 964 1058 1003 sim?

211 1342 413 1381 Defessus
429 1356 520 1381 sum
538 1342 809 1383 ambulando.
824 1346 897 1393 Vt,
913 1345 1031 1400 Syre,
1048 1357 1090 1386 te
1107 1360 1202 1386 cum
1216 1358 1288 1388 tua
1313 1348 1374 1388 IV
1376 1381 1385 1388 .
1398 1349 1437 1390 6.

213 1408 531 1446 Monstratione
558 1422 736 1462 magnus
764 1410 918 1461 perdat
943 1410 1124 1462 Iupiter!

214 1472 458 1521 Perreptavi
484 1485 619 1525 usque
649 1486 779 1513 omne
809 1474 1042 1526 oppidum,
1072 1475 1128 1514 ad
1152 1486 1344 1528 portam,
1381 1479 1438 1517 ad

838 1537 993 1587 lacum,

109 1599 187 1652 690
214 1599 313 1651 Quo
329 1598 446 1636 non?
464 1611 607 1651 neque
621 1600 707 1640 ulla
723 1601 885 1640 fabrica
905 1613 994 1640 erat
1012 1617 1094 1642 nec
1111 1603 1285 1643 fratrem
1304 1604 1436 1646 homo

215 1662 387 1700 Vidisse
415 1675 460 1700 se
489 1662 602 1700 aibat
631 1666 865 1716 quisquam.
893 1667 1019 1705 Nunc
1047 1680 1148 1706 vero
1180 1668 1298 1709 dorni

217 1727 391 1764 Certum
421 1724 621 1765 obsidere
650 1738 713 1767 est
740 1742 874 1782 usque
905 1729 1046 1769 donec
1073 1732 1262 1771 redierit.

478 1978 725 2026 MICIO.
790 1980 1076 2030 DEMEA.

686 2111 869 2150 Μιοιο.

220 2171 313 2221 Ibo,
333 2171 414 2211 illis
435 2172 588 2221 dicam,
606 2173 767 2212 nullam
788 2189 879 2215 esse
898 2178 944 2215 in
962 2177 1088 2217 nobis
1107 2193 1285 2220 moram.
1313 2181 1386 2221 IV.
1399 2197 1429 2236 7.

675 2239 746 2276 DE
759 2252 790 2276 m
802 2253 872 2278 EA.

219 2301 291 2339 Set
321 2314 467 2339 eccum
494 2302 645 2352 ipsum.
673 2302 737 2340 Te
766 2303 1014 2344 iamdudum
1043 2320 1220 2360 quaero,
1247 2309 1395 2349 Micio.

681 2367 755 2405 M1
766 2380 790 2405 c
801 2381 818 2407 1
830 2381 871 2407 o.

116 2428 192 2481 695
222 2427 466 2482 Quidnam?

676 2495 717 2532 D
730 2508 754 2533 Β
765 2508 875 2534 ΜΒΑ.

507 2557 616 2597 Fero
645 2558 727 2598 alia
753 2560 912 2614 flagitia
940 2561 995 2601 ad
1022 2571 1065 2602 te
1091 2564 1283 2618 ingentia
