1676 2976
590 109 890 195 ADELPHL
1330 147 1406 191 275

444 294 689 343 MICIO.
755 292 1024 341 HEGIO.

643 427 828 464 M1c1o.

174 490 267 544 Ego
308 492 353 528 in
388 487 468 528 hac
503 503 551 528 re
586 489 649 529 nil
682 490 879 541 reperio,
925 487 1204 541 quamobrem
1247 489 1399 530 lauder

795 562 1035 604 tantopere,
1064 553 1224 606 Hegio:
1266 554 1337 594 IV.
1355 562 1396 602 5.

176 617 323 654 Meum
353 615 543 656 officium
571 617 708 656 facio:
737 616 856 670 quod
881 626 1105 668 peccatum
1134 630 1157 654 a
1183 615 1307 656 nobis
1330 631 1399 658 or-

796 689 884 717 tum
914 689 990 728 est,
1020 682 1210 734 corrigo;

174 744 264 782 Nisi
292 746 327 782 si
354 758 421 783 me
449 746 495 783 in
513 743 590 783 illo
612 743 828 783 credidisti
850 757 940 782 esse
960 743 1181 782 hominum
1199 758 1394 796 numero,

800 809 873 860 qui
901 809 959 845 ita
986 817 1158 858 putant:

176 869 264 908 Sibi
292 870 383 909 fieri
410 870 522 910 ultro
550 872 761 919 iniuriam,
791 873 840 918 si,
869 883 995 923 quam
1014 869 1172 919 fecere,
1202 881 1398 923 expostu-

801 933 880 982 les,

70 1005 150 1050 570
175 997 228 1036 Et
256 997 367 1037 ultro
397 1008 614 1048 accusant,
648 997 696 1037 id
731 999 831 1051 quia
865 1009 956 1035 non
986 1006 1049 1035 est
1076 1011 1100 1036 a
1126 1010 1196 1036 me
1222 998 1412 1049 factumj

799 1062 886 1115 agis
916 1062 1083 1115 gratias.

642 1126 828 1165 Heoro.

175 1187 240 1227 Ah
268 1190 479 1227 minume:
517 1201 736 1242 nunquam
773 1197 815 1226 te
850 1187 972 1226 aliter
1006 1197 1133 1240 atque
1162 1201 1205 1227 es
1234 1190 1281 1227 in
1308 1192 1398 1228 ani-

799 1264 915 1288 mum
942 1250 1091 1288 induxi
1116 1265 1272 1291 meum.

178 1315 251 1353 Set
279 1327 453 1368 quaeso,
480 1324 528 1352 ut
553 1327 639 1353 una
656 1327 824 1353 mecum
844 1314 899 1352 ad
918 1323 1096 1352 matrem
1112 1315 1179 1355 vir
1210 1317 1219 1326 '
1257 1317 1267 1326 ’
1309 1330 1396 1367 eas,

799 1378 950 1426 Micio,

178 1443 319 1496 Atque
354 1443 485 1480 istaec
521 1440 694 1491 eadem,
728 1439 830 1479 mihi
859 1455 970 1494 quae
999 1442 1129 1492 dixti,
1162 1435 1253 1482 tu‘fe
1282 1444 1397 1485 dicas

795 1505 986 1543 mulieri:

176 1570 474 1622 Suspicionem
501 1567 611 1608 hanc
637 1569 811 1609 ftatrem
838 1579 1032 1621 propter,
1062 1571 1151 1609 eius
1173 1584 1265 1610 esse
1283 1571 1400 1611 illam

798 1633 1031 1686 psaltriam.

643 1697 828 1735 M1010.

72 1765 151 1812 575
178 1761 223 1799 Si
249 1761 308 1799 ita
336 1773 520 1813 aequom
550 1771 694 1798 censes
715 1769 787 1798 aut
803 1762 863 1800 ita
883 1774 990 1813 opus
1011 1771 1074 1801 est
1091 1759 1222 1810 facto,
1243 1774 1400 1802 eamus.

645 1823 716 1862 HE
730 1837 832 1864 010.

1128 1889 1247 1927 Bene
1274 1887 1400 1927 facis:

179 1952 289 1990 Nam
318 1959 360 1989 et
386 1949 447 1988 illi
475 1952 559 1989 iam
595 1953 782 1989 animum
818 1950 1044 1999 relevaris,
1090 1965 1199 2005 quae
1247 1952 1403 1991 dolore

805 2027 854 2052 ac
881 2028 1051 2054 mlserla

180 2077 401 2126 Tabescit,
438 2086 481 2115 et
518 2086 593 2116 tuo
622 2075 769 2116 officio
798 2077 927 2116 fueris
955 2077 1137 2118 functus.
1165 2078 1239 2118 Set
1265 2080 1302 2119 si
1329 2078 1405 2118 ali-

803 2151 868 2181 ter
892 2152 1031 2193 putas,

178 2205 361 2259 Egomet
386 2203 585 2254 narrabo,
613 2217 722 2258 quae
749 2203 853 2242 mihi
881 2206 1035 2246 dixisti.

649 2269 836 2308 Mrcro.

882 2332 975 2371 Imo
1006 2346 1087 2388 ego
1115 2332 1205 2372 ibo.

645 2396 830 2437 Ηεῦιο.

1129 2462 1247 2500 Bene
1273 2460 1404 2500 facis:

184 2524 359 2573 Omnes,
387 2521 481 2577 quis
508 2536 577 2563 res
606 2533 702 2563 sunt
728 2526 866 2564 minus
894 2525 1125 2574 secundae,
1152 2538 1276 2578 mage
1294 2534 1407 2573 sunt,

806 2593 953 2629 nescio
983 2589 1221 2642 quomodo,

930 2654 955 2692 S
989 2666 1015 2691 2
