1676 2976
618 24 629 43 D

563 105 942 146 EVNVCHVS.
1343 119 1417 159 113

82 209 161 248 510
187 205 327 242 Nemo
358 206 549 243 omnium
580 215 664 254 est,
694 219 822 259 quem
850 219 933 260 ego
960 217 1075 245 nunc
1100 209 1233 262 magis
1259 209 1408 252 videre
1466 240 1475 251 .

826 283 952 322 quam
981 279 1024 309 te
1050 273 1231 323 cupiam.

620 334 876 371 Ais-rinno.
1257 346 1359 422 p

187 397 323 434 Narra
350 397 470 443 istuc,
500 409 674 448 quaeso,
704 397 808 450 quid
835 399 899 435 sit.
1268 420 1274 423 —

624 462 875 499 CHAEREA.

476 522 569 561 Imo
600 538 681 577 ego
711 534 752 562 te
782 523 962 563 obsecro
990 523 1146 575 hercle,
1174 537 1220 566 ut
1247 529 1406 580 audias.

188 587 370 624 Nostine
399 584 522 634 hanc,
553 600 678 640 quam
707 597 818 625 amat
843 587 1002 626 frater?

498 653 501 655 ’
616 653 872 691 Amnum.

625 716 757 759 Novi;
785 728 957 766 nempe,
986 718 1156 768 opinor,
1184 717 1406 760 Thaidem.

613 779 874 817 CHAERBA.

185 839 310 878 Istam
339 842 485 893 ipsam.

615 901 867 942 Amano.

371 969 440 1007 Sic
468 970 854 1007 commemineram.

618 1033 874 1070 CHAEREA.

591 1094 735 1133 Hodie
764 1094 975 1147 quaedam
1004 1106 1067 1134 est
1095 1099 1134 1135 ei
1164 1097 1282 1137 dono
1312 1099 1411 1140 data

186 1160 335 1212 Virgo.
391 1158 509 1211 Quid
547 1172 629 1212 ego
667 1157 742 1196 tibi
781 1159 869 1196 eius
904 1171 1019 1197 nunc
1053 1159 1207 1199 faciem
1236 1164 1409 1214 praedi-

743 1234 837 1259 cem
865 1233 938 1261 aut
963 1222 1151 1272 laudem,
1179 1225 1383 1279 Antipho,

81 1289 158 1328 515
188 1285 295 1323 Cum
322 1285 438 1336 ipsus
464 1298 534 1324 me
557 1286 691 1333 noris,
721 1298 850 1337 quam
871 1285 1042 1341 elegans
1062 1288 1296 1328 formarum
1315 1304 1411 1342 spe-

741 1358 878 1388 ctator
904 1352 1038 1390 siem?

184 1411 234 1450 In
260 1412 340 1451 hac
369 1422 605 1451 commotus
634 1426 739 1451 sum.

628 1477 879 1516 ΑΝΤιΡΗο.

655 1542 752 1580 Ain’
783 1541 854 1580 tu?

619 1605 874 1644 CHAEREA.

670 1668 852 1706 Primam
881 1667 1012 1716 dices,
1039 1671 1146 1717 scio,
1174 1672 1209 1707 si
1238 1670 1410 1710 videris.

192 1730 311 1783 Quid
343 1729 475 1769 multa
511 1730 669 1770 verba?
705 1745 846 1770 amare
884 1734 1023 1783 coepi.
1078 1732 1206 1771 Forte
1242 1732 1415 1774 fortuna

816 1794 935 1832 domi

193 1855 293 1894 Erat
320 1856 495 1908 quidem
524 1856 756 1905 eunuchus,
784 1872 912 1910 quem
940 1868 1148 1898 mercatus
1175 1859 1307 1899 frater
1323 1860 1415 1900 fue-

816 1931 881 1959 rat
909 1919 1078 1970 Thaidi,

193 1983 346 2034 Neque
374 1984 408 2020 is
438 1982 644 2022 deductus
673 1993 762 2021 tum
781 1987 908 2023 etiam
928 1985 983 2023 ad
1003 1999 1116 2032 eam;
1144 2000 1214 2025 me
1231 2000 1418 2027 summo-

815 2051 910 2086 nuit
935 2049 1144 2088 Parmeno

90 2115 169 2154 520
196 2109 261 2147 Ibi
290 2121 449 2157 servos,
478 2109 597 2162 quod
626 2124 708 2164 ego
738 2114 909 2164 arripui.

635 2175 884 2215 AN'ru’uo.

779 2239 897 2292 Quid
921 2240 970 2279 id
996 2240 1087 2279 est?

628 2303 885 2342 enimsi.

897 2367 1070 2406 Tacitus
1099 2369 1222 2406 citius
1250 2366 1417 2406 audies:

195 2427 253 2465 Vt
279 2434 442 2464 vestem
471 2439 568 2465 cum
603 2427 679 2466 illo
715 2439 898 2479 mutem,
935 2441 984 2469 ut
1017 2444 1099 2483 pro
1136 2430 1211 2469 ino
1248 2429 1420 2470 iubeam

821 2508 890 2533 me
917 2494 1020 2534 illoc
1048 2495 1209 2534 ducier.

929 2559 971 2596 H
