1676 2976
333 79 348 98 a
412 84 427 98 ᾗ.
527 93 537 106 „⁴

1405 65 1423 90 ψ

615 94 886 158 ANDRIA.
915 155 921 162 ,
1109 104 1110 107 ’
1137 104 1147 157 ’ξ
1362 125 1412 166 31

191 216 355 267 νάπη
379 223 488 264 illud
515 223 691 264 verbum
721 233 797 273 est,
825 223 954 278 volgo
983 221 1104 277 quod
1130 223 1216 264 dici
1243 222 1373 264 solet:

193 291 353 330 Omnes
382 288 462 328 sibi
492 302 583 329 esse
609 288 759 327 melius
786 287 914 327 malle
942 301 1068 341 quam
1095 285 1229 328 alteri.

193 355 286 408 Ego
315 354 430 392 illam
458 353 546 392 vidi
574 355 802 405 virginen1;
832 352 971 391 forma
997 351 1113 391 bona

87 424 168 470 400
194 420 374 458 Memini
401 417 556 457 videri:
589 430 674 470 quo
704 418 882 469 aequior
908 431 1000 456 sum
1028 414 1263 469 Pamphilo,

193 483 235 520 Si
266 496 357 521 sese
385 484 430 519 in
457 483 630 529 somnis,
660 494 786 534 quam
814 480 948 530 illum,
978 480 1176 533 amplecti
1201 479 1360 520 maluit.

190 545 478 595 Renuntiabo,
506 554 553 583 ut
578 557 659 597 pro
687 544 801 584 malo
828 543 934 583 mihi
962 544 1035 585 det
1060 544 1230 585 malum.

497 653 501 656 ,
661 610 845 648 DAvvs.

191 675 272 712 Hic
299 685 414 712 nunc
440 685 509 710 me
540 672 674 710 credit
702 672 886 726 aliquam
911 671 991 711 sibi
1019 671 1229 714 fallaciam

194 739 384 786 Portare,
414 746 456 775 et
485 748 534 775 ea
560 749 630 774 me
659 734 728 774 hic
756 739 957 776 restitisse
985 739 1131 790 gratia.

678 799 825 840 Simo.
867 848 871 851 ²

86 869 164 916 405
193 864 310 917 Quid.
335 865 475 904 Davos
502 862 672 902 narrat?

658 927 843 966 DAvvs.

644 990 795 1043 Aeque
825 991 1058 1046 quidquam
1083 1003 1199 1032 nunc
1228 991 1415 1044 quidem.

169 1057 332 1161 Qu»,
462 1054 464 1056 ’
676 1054 824 1094 Simo.

297 1116 348 1158 e?
374 1117 495 1158 hem!

656 1183 846 1222 DAvvs.

485 1245 558 1286 Nil
583 1260 771 1299 prorsus.

680 1310 821 1351 Simo.

775 1375 906 1427 Atqui
927 1373 1201 1426 expectabam
1220 1374 1408 1430 quidem.

662 1438 849 1477 DAvvs.

191 1502 364 1540 Praeter
390 1515 511 1554 spem
540 1504 708 1552 evenit,
745 1505 905 1549 sentio;
942 1503 1026 1542 hoc
1058 1503 1173 1544 male
1202 1502 1331 1544 habet
1356 1506 1419 1543 vi-

815 1581 921 1606 rum,

677 1630 817 1670 Simo.

193 1693 329 1735 Potin’
363 1704 438 1743 est,
468 1704 511 1735 te
541 1694 687 1735 dicere
713 1709 861 1734 verum
887 1693 1019 1734 mihi?

655 1761 836 1799 DAvvs.

1088 1823 1161 1864 Nil
1188 1822 1365 1863 facilius.

677 1888 825 1927 Simo.

194 1948 307 1985 Num
335 1947 396 1986 illi
424 1949 633 1989 molestae
663 1951 885 2003 quidpiam
913 1960 1010 1991 sunt
1035 1953 1214 2002 nuptiae

90 2014 169 2061 4ιο
196 2011 313 2049 Haec
339 2023 520 2064 propter
547 2012 743 2066 hospitae
772 2014 894 2054 huius
925 2015 1307 2055 consuetudinem?

659 2080 847 2118 DAvvs.

196 2136 314 2176 Nihil
343 2137 505 2185 hercle;
536 2151 607 2179 aut
634 2144 669 2180 si
697 2142 825 2190 adeo,
853 2141 974 2180 bidui
1002 2153 1067 2182 est
1093 2153 1165 2182 aut
1193 2142 1325 2182 tridui

197 2202 314 2240 Haec
342 2201 608 2249 sollicitud0;
636 2208 769 2251 nosti3
801 2205 961 2245 deinde
989 2207 1177 2247 desinet:

194 2266 362 2304 Etenim
390 2268 504 2318 ipsus
535 2281 628 2307 eam
655 2281 746 2307 rem
772 2279 889 2308 recta
914 2272 1125 2321 reputavit
1149 2273 1230 2310 via.

677 2333 704 2372 S
714 2347 730 2372 1
739 2346 772 2372 iu
782 2347 821 2373 o.

193 2392 263 2431 Sic
290 2392 435 2433 laudo.

655 2460 842 2499 DAvvs.

439 2523 554 2561 Dum
584 2525 624 2562 ei
650 2523 813 2563 licitum
842 2534 918 2574 est,
948 2524 1136 2579 dumque
1164 2537 1277 2568 aetas
1307 2529 1418 2580 tulit,
