1676 2976
178 112 200 133 -·
296 79 307 84 ’
686 116 955 158 ANDRIA.
1433 122 1484 175 67

746 217 773 255 S
782 231 796 256 1
806 230 889 257 rao.

232 281 267 317 ἁ
419 278 539 319 Itane
567 279 649 319 huc
675 290 845 333 paratus
875 279 1077 321 advenis?

729 346 763 385 C
772 358 822 384 ιιι
833 358 908 385 το.

1091 408 1187 462 Qua
1210 408 1286 448 re?

742 473 768 511 S
778 487 793 511 1
803 485 835 511 κ
845 485 885 512 ο.

1308 538 1478 592 Rogas?

149 604 227 644 880
254 600 377 637 Tune
406 600 579 651 impune
608 596 713 637 haec
740 598 899 639 facias?
926 610 1027 640 tune
1055 601 1125 639 hic
1152 600 1344 640 homines
1372 602 1477 641 ado-

877 663 1150 714 lescentulos,

254 724 476 777 Imperitos
505 740 645 765 rerum
655 755 669 774 ,
709 726 886 766 eductos
914 727 1072 777 libere,
1108 731 1155 767 in
1188 729 1382 770 fraudem
1411 732 1475 770 in-

874 789 983 839 licis,

255 852 533 892 Sollicitando
554 863 597 892 et
613 852 895 905 pollicitando
917 867 1064 892 eorum
1085 858 1247 895 animos
1263 856 1405 896 lactas.
1418 857 1477 897 ..Ρ

717 919 751 957 C
762 931 787 955 n
798 932 813 955 1
825 930 850 955 τ
861 930 903 957 ο.

1109 983 1264 1022 Sanun’
1297 984 1370 1023 es?

735 1044 762 1082 S
772 1059 788 1083 1
799 1057 831 1082 u
844 1057 883 1083 o.

251 1108 313 1146 Ac
339 1108 599 1147 meretricios
627 1119 793 1146 amores
820 1109 980 1159 nuptiis
1010 1108 1306 1163 conglutinas?

652 1172 887 1211 PAupmr„
900 1187 965 1211 vs.

251 1235 382 1274 Perii!
411 1244 572 1283 metuo,
600 1244 648 1272 ut
675 1235 836 1275 substet
863 1235 1032 1289 hospes.

681 1301 934 1339 Canauna

820 1364 878 1412 Si,
908 1364 1040 1413 Simo,
1069 1363 1182 1403 hunc
1208 1367 1325 1404 noris
1354 1368 1468 1422 satis,

144 1429 221 1471 885
248 1424 349 1463 Non
375 1426 435 1465 ita
462 1426 688 1466 arbitrere:
718 1425 855 1465 bonus
885 1437 949 1466 est
975 1426 1045 1466 hic
1072 1431 1147 1468 vir.

733 1491 877 1530 Simo.

1024 1555 1106 1594 Hic
1132 1558 1197 1595 vir
1224 1559 1277 1596 sit
1302 1555 1471 1596 bonus?

246 1617 365 1656 Itane
394 1616 684 1668 adtemperate
713 1620 868 1667 evenit,
897 1617 1029 1658 hodie
1057 1622 1102 1657 in
1130 1621 1230 1671 ipsis
1258 1623 1416 1672 nuptiis

246 1683 305 1720 Vt
330 1683 517 1730 veniret,
557 1680 736 1720 antehac
761 1683 1010 1735 nunquam?
1038 1693 1101 1721 est
1127 1697 1227 1722 vero
1252 1682 1351 1723 huic
1380 1699 1470 1725 cre-

867 1746 1071 1795 dendum,
1102 1745 1311 1786 Chreme?

651 1810 952 1847 PAMmevs.

246 1870 411 1910 Patrem
438 1873 484 1910 ni
509 1881 710 1920 metuam,
739 1870 894 1921 habeo,
920 1887 1002 1924 pro
1030 1873 1102 1912 illa
1129 1888 1175 1913 re
1203 1873 1322 1913 illum
1349 1875 1469 1928 quod

864 1950 1064 1976 moneam
1090 1937 1242 1990 probe,

726 1999 873 2038 Suco.

246 2053 537 2113 Sycophanta!

715 2127 895 2166 Clu'ro.

511 2190 640 2228 Hem!

679 2254 930 2293 canamus

607 2317 691 2366 Sic,
721 2319 855 2366 Crito,
884 2327 946 2356 est
972 2315 1060 2356 hic:
1088 2320 1222 2358 mitte.

751 2383 929 2422 Cm'ro.

1054 2446 1228 2496 Videat,
1256 2448 1329 2500 qui
1357 2448 1459 2485 siet!
1490 2467 1505 2481 s

139 2509 216 2556 890
243 2502 350 2542 Mihi
379 2507 414 2543 si
439 2517 613 2561 perget,
642 2522 752 2562 quae
778 2510 890 2559 volt,
920 2510 1090 2560 dicere,
1120 2525 1194 2561 ea,
1236 2524 1346 2565 quae
1372 2523 1464 2550 non

864 2575 967 2624 volt,
996 2576 1153 2616 audiet.
1181 2601 1232 2607 —

978 2640 1013 2677 E
1041 2653 1066 2678 2
