1676 2976
247 110 300 150 90
450 88 456 93 ’·
726 95 769 133 Ρ.
805 92 1102 135 'mum-1

501 252 852 302 GNATHO.
919 252 1316 302 PARMENO.

793 385 1026 424 Onu-no.

347 453 401 491 Di
432 448 715 498 immortales,
743 446 907 487 homini
937 446 1069 487 homo
1098 448 1201 502 quid
1228 458 1413 501 praestat
1441 447 1569 486 stulto

977 512 1240 566 intelligens!
1463 511 1512 549 11.
1535 526 1569 549 2.

251 586 320 626 ¹8³)
350 580 543 618 Conveni
572 576 720 626 hodie,
750 575 999 624 adveniens,
1028 577 1243 629 quendam
1263 577 1347 615 mei
1366 574 1450 614 loci
1472 573 1570 613 hinc

975 651 1103 694 atque
1132 641 1311 687 ordinis,

346 706 576 745 Hominem
606 704 720 743 haud
749 706 986 757 impurum,
1023 704 1172 745 itidem
1198 706 1337 758 patria
1365 705 1436 757 qui
1467 701 1570 741 abli-

915 763 932 775 '‘
973 761 1183 825 gurrieflt
1209 766 1337 808 bona.

345 834 486 874 Video
516 843 706 882 sentum,
742 832 1005 886 squalidum,
1045 847 1240 888 aegrum,
1268 833 1419 885 pannis
1448 832 1569 869 annis

974 896 1170 936 obsitum.

342 962 461 1016 Quid
498 963 630 1011 istuc,
673 964 869 1015 inquam,
913 963 1051 1001 ornati
1094 960 1183 999 est?
1218 981 1271 991 —
1312 961 1567 1014 „Quoniam

770 1056 798 1075 „
810 1028 952 1074 miser,
980 1025 1099 1079 quod
1128 1023 1270 1072 habui,
1297 1023 1484 1077 perdidi,
1514 1035 1569 1061 en

341 1091 481 1144 „Quo
510 1090 707 1131 redactus
737 1104 850 1130 sum:
890 1103 1038 1129 omnes
1067 1091 1159 1127 noti
1188 1102 1257 1127 me
1287 1099 1413 1142 atque
1443 1089 1566 1126 amici

771 1154 1011 1204 „deserunt
1027 1157 1034 1192 !
1049 1154 1073 1170 '⁹

240 1230 312 1271 190
339 1218 421 1257 Hic
449 1232 530 1273 ego
561 1218 691 1258 illunc
721 1221 927 1258 contemsi
965 1231 1068 1270 prae
1106 1231 1197 1256 me:
1241 1217 1367 1271 quid,
1419 1215 1564 1263 homo,

970 1284 1159 1335 inquam,
1189 1280 1495 1334 ignavissume?

338 1346 443 1386 Itan'
482 1349 640 1400 parasti
676 1356 739 1395 te,
785 1360 881 1400 spes
917 1345 1032 1385 nulla
1070 1355 1113 1383 ut
1150 1345 1312 1398 roliqi‘m
1353 1347 1395 1382 in
1435 1355 1474 1382 te
1514 1347 1566 1382 sit

968 1409 1072 1447 tibi?

339 1474 472 1513 Simul
502 1474 726 1514 consilium
757 1488 852 1513 cum
880 1488 926 1514 re
955 1473 1117 1513 amisti?
1144 1473 1285 1511 viden*
1308 1487 1391 1520 me,
1421 1488 1468 1512 cx
1491 1487 1562 1512 eo-

523 1579 532 1587 ,
967 1538 1064 1576 dem
1096 1548 1233 1576 ortum
1263 1537 1377 1584 loco,

337 1603 422 1657 Qui
453 1601 574 1641 color
602 1604 717 1642 nitor
743 1604 939 1651 vestitus,
977 1615 1087 1656 quae
1124 1599 1328 1640 habitudo
1367 1612 1429 1641 cst
1468 1615 1560 1640 cor-

960 1666 1107 1719 poris?

335 1733 492 1772 Omnia
528 1729 693 1779 habeo,
730 1742 872 1785 neque
910 1730 1142 1784 quidquam
1180 1728 1337 1774 habeo:
1375 1729 1432 1768 nil
1465 1745 1559 1769 cum

967 1805 1043 1843 est,
1072 1793 1133 1832 nil
1162 1794 1264 1834 defit
1293 1805 1446 1833 tamen.
1476 1819 1526 1825 —

233 1865 305 1914 195
331 1860 427 1909 „At
456 1873 539 1914 ego
568 1859 714 1899 infelix
741 1872 883 1930 neque
921 1858 1123 1899 ridiculus
1160 1872 1251 1898 esse
1289 1871 1430 1912 neque
1469 1859 1559 1912 pla·

959 1936 1068 1977 „gas
1096 1924 1184 1975 pati

330 1987 601 2038 „Possumv'
641 2010 694 2017 —
740 1987 885 2041 Quid?
930 1997 974 2026 tu
1011 1986 1073 2026 his
1111 1985 1236 2025 rebus
1275 1987 1411 2027 credis
1440 1988 1557 2028 fieri?

959 2063 1047 2091 tota
1079 2065 1190 2090 erras
1220 2052 1308 2089 via!

333 2116 447 2156 Olim
477 2118 542 2156 isti
573 2115 653 2155 fuit
681 2117 829 2170 generi
859 2116 1078 2169 quondam
1114 2126 1311 2169 quaestus
1347 2116 1461 2169 apud
1490 2131 1555 2156 so-

958 2181 1068 2220 clum
1097 2183 1232 2233 prius;

330 2245 424 2283 Hoc
450 2257 609 2283 novum
639 2254 701 2283 est
730 2246 978 2297 aucupium:
1009 2258 1091 2300 ego
1121 2245 1231 2284 adeo
1261 2243 1368 2285 hanc
1394 2248 1553 2299 primus

954 2324 1097 2349 inveni
1127 2324 1249 2348 viam.

328 2371 399 2411 Est
427 2385 558 2426 genus
589 2370 831 2423 hominum,
867 2376 1028 2427 primos
1059 2377 1129 2428 qui
1162 2388 1252 2413 esse
1281 2390 1326 2414 sc
1357 2378 1546 2415 oxnnium

953 2452 1092 2477 rurum
1122 2439 1284 2486 volunt,

227 2511 301 2539 200
327 2500 418 2539 Nec
446 2510 563 2545 sunt:
595 2498 671 2539 hos
702 2510 949 2546 consector3
980 2501 1094 2541 hisco.
1125 2517 1207 2557 ogo
1228 2515 1316 2543 non
1335 2516 1442 2555 paro
1463 2517 1546 2548 mc,

954 2575 997 2604 ut
1029 2566 1211 2616 rideant,
