1676 2976
594 121 903 163 ADELPHI.
1334 127 1412 173 ²39

188 225 307 263 Haec
337 222 455 262 fratri
484 237 651 262 mecum
677 236 768 262 non
789 222 1048 261 conveniunt
1065 234 1208 275 neque
1225 221 1411 274 placent.

110 294 161 338 55
189 290 319 327 Venit
348 288 403 326 ad
430 302 499 327 me
527 301 655 339 saepe
687 287 890 326 clamans:
921 284 1039 338 Quid
1066 287 1169 340 agis,
1197 286 1359 325 Micio?

193 354 280 392 Cur
307 351 451 403 perdis
482 351 799 390 adolescentem
827 348 980 388 nobis?
1009 361 1083 388 cur
1110 349 1248 388 amat?

191 417 278 454 Cur
306 416 454 467 potat?
483 429 557 453 cur
584 426 630 453 tu
657 413 719 452 his
748 423 929 452 sumtum
958 412 1084 453 rebus
1112 413 1329 468 suggeris?

188 481 355 518 Vestitu
385 482 561 517 nimium
591 478 806 532 indulges!
836 478 1014 516 nimium
1041 480 1209 530 ineptus
1239 481 1305 518 es!

189 543 378 581 Nimium
408 545 499 594 ipse
529 551 590 581 est
620 542 748 581 durus
774 551 945 594 praeter
971 555 1242 596 aequomque
1269 552 1311 582 et
1338 541 1416 582 bo·

817 619 934 654 num,

111 674 165 720 4ο
194 670 243 708 Et
274 680 384 709 errat
411 665 542 723 longe
570 683 665 708 mea
694 669 867 722 quidem
896 671 1122 717 sententia,

194 735 279 786 Qui
309 736 534 785 imperium
564 732 709 772 credat
737 735 901 786 gravius
932 747 1023 774 esse
1053 744 1124 772 aut
1151 732 1354 782 stabilius,

195 799 248 834 Vi
280 798 398 849 quod
427 796 486 844 fit,
515 810 641 849 quam
666 795 788 844 illud,
817 797 936 849 quod
956 800 1138 835 amicitia
1159 797 1416 850 adiungitur.

192 862 291 898 Mea
321 864 397 899 sic‘
410 871 472 899 est
498 863 607 899 ratio
638 868 680 898 et
707 862 767 898 sic
796 863 983 898 animum
1010 861 1170 900 induco
1199 874 1362 900 meum:

192 925 311 963 Malo
342 934 510 963 coactus
540 926 611 977 qui
640 937 760 962 suum
790 923 976 962 officium
1005 923 1123 973 facit,

113 993 165 1039 45
194 990 305 1027 Dum
335 988 381 1026 id
408 991 605 1027 rescitum
634 990 684 1026 iri
715 988 865 1036 credit,
893 991 1098 1040 tantisper
1127 998 1260 1037 cavet,

195 1054 237 1090 Si
269 1052 375 1091 clam
407 1052 501 1090 fore
529 1061 685 1104 sperat,
713 1064 879 1089 rursum
908 1051 964 1090 ad
990 1054 1210 1105 ingenium
1238 1052 1374 1100 redit3

194 1116 247 1163 Is,
277 1130 403 1169 quem
432 1115 641 1155 beneficio
672 1115 892 1169 adiungas,
922 1128 971 1153 ex
999 1117 1141 1153 animo
1170 1114 1286 1165 facit,

194 1180 343 1218 Studet
371 1180 546 1227 referre,
572 1192 774 1233 praesens
804 1178 954 1217 absens
982 1178 1097 1216 idem
1129 1181 1219 1218 erit.

195 1245 290 1282 Hoc
317 1245 500 1295 patrium
531 1253 607 1291 est,
634 1244 778 1294 potius
809 1241 1112 1281 consuefacere
1139 1242 1271 1282 fflium

119 1314 168 1352 50
194 1308 276 1345 Sua
304 1316 459 1358 sponte
486 1317 603 1345 recte
629 1307 772 1345 facere
800 1320 927 1359 quarn
954 1305 1096 1345 alieno
1124 1318 1262 1354 metu;

193 1371 290 1409 Hoc
317 1380 439 1422 pater
467 1383 517 1408 ac
545 1370 742 1410 dominus
771 1374 968 1415 interest;
997 1370 1082 1410 hoc
1109 1375 1183 1425 qui
1209 1374 1374 1426 nequit,

193 1434 390 1474 Fateatur
416 1437 581 1473 nescire
610 1437 821 1486 imperare
848 1434 1006 1474 liberis.

196 1499 269 1537 Set
293 1509 410 1538 estne
430 1496 498 1536 hic
517 1501 647 1550 ipsus,
669 1499 723 1537 de
747 1512 833 1551 quo
858 1499 1063 1553 agebam?
1092 1510 1134 1538 et
1154 1510 1268 1540 certe
1289 1503 1323 1539 is
1345 1511 1419 1540 est.

194 1562 376 1601 Tristem
403 1565 551 1603 nescio
580 1563 686 1616 quid
712 1562 854 1602 video.
885 1563 1046 1612 Credo,
1072 1566 1172 1613 iam,
1199 1576 1247 1604 ut
1273 1566 1398 1614 solet,

118 1632 170 1672 55
197 1626 396 1682 Iurgabit.

459 1877 706 1924 MICIO.
772 1879 1057 1927 DEMEA.

669 2009 717 2046 M
727 2022 740 2046 1
753 2022 775 2046 c
786 2023 800 2046 1
812 2022 852 2047 o.

495 2071 665 2111 Salvom
694 2082 736 2111 te
766 2073 984 2122 advenire,
1012 2075 1191 2123 Demea,

201 2137 460 2175 Gaudemus.

661 2201 702 2239 D
716 2213 737 2237 E
748 2213 779 2238 Μ
790 2214 810 2237 Ε
820 2215 857 2239 Α.

402 2263 537 2303 Ehem
558 2275 823 2317 opportune:
854 2275 896 2306 te
914 2269 1052 2319 ipsum
1072 2270 1280 2321 quaerito.
1335 2269 1366 2309 Ι.
1386 2283 1425 2309 2.

666 2330 715 2368 M
723 2344 737 2368 1
748 2342 772 2367 c
783 2344 798 2368 ι
811 2343 851 2369 ο.

203 2391 320 2444 Quid
349 2393 475 2431 tristis
506 2392 578 2431 es?

665 2458 858 2496 Dsnnn

601 2520 743 2574 Rogas
772 2535 856 2570 me,
883 2521 957 2561 ubi
983 2522 1110 2563 nobis
1138 2523 1373 2564 Aeschinus

203 2580 308 2630 siet,
337 2582 443 2635 quid
471 2597 553 2638 ego
583 2587 661 2623 sim
689 2585 843 2624 tristis?
