1676 2976
3 2511 53 2558 V

194 69 311 136 φῇ
532 52 692 150 ”““·χ,ι>.
733 76 1097 126 ΤΕΒΕΝΤΠ

176 203 190 217 ν
213 156 263 256 ,ἦ
346 93 702 248 Dumfdapi
731 186 781 229 in
804 182 1039 227 Albanum
1072 179 1239 225 crebro
1271 178 1439 222 aetatis
1472 174 1535 220 ob

158 0 377 21 τιτι-ψὴν
589 0 662 43 ··
937 7 948 12 Α,
1376 0 1531 22 'v

1467 57 1490 79 δ

483 74 497 86 41

995 251 1162 295 florem
1191 263 1328 293 suaet

346 332 483 392 Ipsus
521 328 655 373 laetis
697 324 834 368 rebus
873 336 1096 419 εὛοω
1129 317 1188 363 ad
1219 320 1430 378 inopiam
1461 331 1539 361 re-

492 412 497 422 *
995 390 1160 437 dactus
1194 399 1288 446 est;

350 473 515 531 ltaque
545 454 863 524 essonspectu
896 463 1106 507 omnium
1139 459 1255 503 abiit
1288 457 1538 502 Graeciam

572 583 574 586 ,
997 532 1049 593 iq
1079 540 1252 574 terram
1285 527 1518 580 ultimum,

352 579 593 655 Mortuuffit
633 607 684 650 in
724 600 1025 666 Stymphalp,
1074 597 1308 643 Arcadiae
1341 595 1540 657 oppido.

998 669 1069 716 nil
1101 667 1293 713 Publius

352 749 516 809 Scipio
549 743 742 806 profuit,
773 740 843 786 nil
876 743 938 785 eii
969 734 1169 791 La'b'lius,
1204 739 1270 783 nil
1304 740 1480 791 Furius,

355 820 475 864 Tres
505 831 593 876 per
622 813 748 859 idem
778 823 966 871 tempus
990 812 1071 871 qui
1098 810 1332 870 agitabant
1354 808 1545 854 nobiles

1006 879 1259 924 facillume.

357 959 534 1004 Eorum
566 954 649 1000 ille
682 967 829 1014 opera
858 966 921 996 ne
953 950 1143 995 domum
1169 950 1361 1011 quidem
1384 950 1547 994 habuit

712 1062 724 1069 ,
1007 1020 1361 1074 conductitiam,

359 1097 536 1143 Saltem
567 1107 619 1140 ut
663 1104 805 1147 esset,
849 1106 944 1153 quo
983 1090 1183 1135 referret
1228 1091 1410 1135 obitum
1456 1090 1548 1135 do-

1010 1163 1127 1204 mini
1156 1161 1384 1205 servolus.

302 1238 498 1299 Scripsit
530 1234 801 1281 comoedias
831 1246 933 1288 sex;
967 1246 994 1275 e
1016 1230 1184 1292 quibus
1206 1233 1417 1290 primam,
1450 1230 1548 1273 An-

216 1310 378 1362 driam,
411 1323 515 1353 cum
547 1305 793 1351 Aedilibus
825 1302 980 1356 daret,
1012 1304 1158 1344 iussus
1192 1311 1301 1344 ante
1334 1300 1547 1344 Caecilio

214 1382 443 1433 recitare,
487 1376 546 1421 ad
579 1385 858 1420 coenantem
892 1387 994 1417 cum
1029 1373 1252 1424 venisset,
1297 1369 1448 1414 dictus
1481 1381 1549 1414 est

216 1452 401 1496 initium
441 1446 633 1509 quidem
672 1444 878 1496 fabulae,
921 1441 1052 1505 quod
1093 1452 1192 1485 erat
1233 1442 1552 1484 contemtiore

216 1523 414 1574 vestitu,
454 1516 679 1562 subsellio
714 1518 841 1559 iuxta
872 1512 1096 1558 lectulum
1130 1510 1338 1555 residens
1371 1510 1550 1569 legisse,

217 1601 328 1653 post
360 1604 537 1649 paucos
568 1590 682 1631 vero
716 1599 873 1638 versus
905 1585 1131 1626 invitatus
1163 1592 1213 1624 ut
1238 1580 1549 1633 accumberet,

217 1674 441 1708 coenasse
472 1672 577 1711 una,
610 1650 972 1701 deinde‘cetera
996 1653 1293 1711 percurrisse,
1325 1666 1422 1693 non
1449 1652 1553 1693 sine

218 1745 384 1791 magna
418 1727 615 1773 Caecilii
657 1725 981 1770 admiratione.
1044 1722 1103 1766 Et
1147 1722 1267 1765 hanc
1307 1732 1460 1764 autem
1504 1730 1551 1763 et

218 1802 429 1863 quinque
481 1797 685 1858 reliquas
738 1793 999 1856 aequaliter
1061 1791 1246 1851 populo
1306 1790 1550 1850 probavit;

219 1870 430 1933 quamvis
462 1867 706 1912 Volcatius
738 1865 799 1910 de
831 1864 1188 1909 enumeratione
1231 1864 1442 1906 omnium
1485 1862 1551 1904 ita

218 1939 415 1987 scribat:

369 2009 591 2053 Sumetur
620 2005 813 2066 Hecyra
842 2014 973 2048 sexta
1006 2018 1060 2047 ex
1092 2002 1219 2046 hisce
1250 2001 1420 2045 fabula.

219 2078 468 2124 Eunuchus
499 2074 690 2137 quidem
724 2075 792 2119 bis
825 2073 903 2117 die
927 2084 1029 2139 acta
1052 2084 1121 2117 est
1145 2074 1410 2132 meruitque
1443 2085 1554 2129 pre·

221 2151 352 2201 tium,
385 2157 608 2208 quantum
640 2144 767 2189 nulla
799 2154 936 2188 antea
978 2145 1247 2205 cuiusquam
1291 2139 1552 2192 comoedia,

225 2228 336 2262 octo
389 2214 515 2259 milia
554 2210 756 2259 numum.
821 2224 1078 2273 propterea
1129 2228 1306 2257 summa
1357 2224 1555 2272 quoque

223 2286 367 2332 titulo
409 2284 696 2330 adscribitur.
747 2299 852 2327 nam
893 2282 1220 2342 Adelphorum
1301 2282 1552 2339 rincipium

224 2356 375 2402 varro
409 2356 548 2398 etiam
580 2353 786 2415 praefert
819 2355 1056 2412 principio
1088 2341 1226 2467 Ἧι(
1326 2354 1349 2364 '

311 2425 428 2471 Non
459 2423 652 2474 obscura
683 2421 802 2469 fama
835 2434 917 2472 est.
951 2413 1115 2468 adiutu
1194 2414 1472 2467 Terentium
1505 2422 1555 2463 in

224 2497 412 2557 scriptis
443 2508 470 2538 a
498 2490 663 2538 Laelio
696 2503 742 2538 et
774 2492 1013 2554 Scipione,
1059 2494 1333 2554 quibuscum
1358 2490 1555 2534 famina-

624 2688 626 2693 '
671 2699 713 2734 3,

652 2712 758 2811 ,ιζ

1664 1299 1676 1355 ΆΑΑ
1673 1274 1676 1278 ,
