1676 2976
307 98 362 142 80
781 92 825 131 P.
863 81 1189 145 TERENTIJ

410 195 454 234 Si
482 203 703 246 peccatum
733 201 795 231 est
823 191 883 239 id,
902 202 1134 244 .peccatum
1163 196 1449 249 imprudentia
1478 212 1541 241 est

412 260 585 306 Poetae,
613 270 702 296 non
730 269 816 309 quo
845 255 1001 294 furtum
1031 256 1174 298 facere
1201 262 1421 303 studuerit.

409 324 457 363 Id
486 326 541 361 ita
574 335 678 369 esse,
707 334 781 358 vos
811 321 892 357 iam
923 319 1113 360 iudicare
1142 327 1350 375 potet-nh,

326 398 380 438 30
407 387 539 430 Colax
569 383 794 423 Menandri
826 393 906 426 est:
937 385 979 421 in
1011 397 1059 423 ea
1091 396 1152 425 est
1182 392 1390 439 parasitus
1421 392 1567 439 Colax,

405 452 458 492 Et
486 449 604 490 nniIes
635 447 869 502 gloriosus:
902 461 972 486 cas
1003 461 1048 487 se
1077 447 1146 489 hic
1174 464 1263 491 non
1291 466 1419 508 negat

403 518 608 556 Personas
641 509 899 550 transtulisse
929 513 972 549 in
1000 511 1255 554 Eunuchum
1283 531 1401 557 suam

400 580 459 619 Ex
488 581 669 625 Graeca,
698 586 760 614 set
790 589 858 615 eas
888 574 1050 615 fabulas
1080 576 1210 617 factas
1238 583 1355 632 prius

398 646 568 684 Latinas
592 642 723 681 scisse
752 654 859 687 sese,
887 639 934 677 id
962 653 1064 679 vero
1092 654 1315 698 pernegat.

316 718 371 757 35
400 706 565 762 Quodz’
627 706 791 746 ersonis
821 704 971 742 iisdem
1002 706 1061 742 uti
1092 704 1183 745 aliis
1212 720 1303 746 non
1330 707 1446 758 licet,

395 774 480 826 Qui
508 785 549 811 m
609 782 632 810 e
659 768 763 807 licet
792 777 1033 806 currentem
1061 783 1229 810 servom
1259 772 1460 824 scribere,

390 840 531 878 Bonas
559 843 772 873 matronas
802 831 958 878 facere,
988 837 1234 874 meretrices
1266 838 1411 887 malas,

391 904 573 942 Puerum
602 898 804 950 supponi,
833 895 921 933 falli
949 910 1030 948 per
1058 911 1225 938 servom
1255 914 1417 951 senem,

388 967 558 1011 Amare,
588 962 745 1009 odisse,
774 960 1005 1011 suspicari?
1033 961 1222 1016 denique
1264 986 1270 994 ·

306 1036 360 1084 4ο
385 1029 558 1071 Nullum
589 1037 650 1066 est
679 1028 759 1064 iam
782 1024 955 1071 dictum,
985 1026 1102 1078 quod
1123 1041 1210 1066 non
1230 1029 1389 1068 dictum
1409 1032 1462 1070 sit
1481 1034 1609 1084 prius.

387 1096 532 1149 Quare
560 1104 744 1145 aequom
774 1099 858 1137 est,
896 1102 969 1127 vos
1008 1103 1292 1143 cognoscere,
1331 1104 1459 1148 atque
1486 1098 1610 1150 igno-

1009 1167 1145 1203 scere,

383 1226 507 1278 Quae
533 1231 698 1261 veteres
727 1218 986 1265 factitarunt,
1015 1220 1047 1256 si
1077 1218 1237 1258 faciunt
1266 1224 1380 1260 novi.

379 1289 492 1329 Date
521 1298 697 1339 operam
726 1293 769 1323 et
798 1296 892 1321 cum
921 1282 1091 1321 silentio
1122 1286 1307 1323 animum
1338 1287 1559 1338 attendite,

378 1356 437 1393 Vt
464 1350 743 1405 pernoscatis,
772 1346 876 1400 quid
905 1345 983 1385 sibi
1014 1346 1236 1387 Eunuchus
1267 1349 1378 1390 velit.

484 1643 902 1695 PHAEDRIA.
969 1640 1366 1692 PARMENO.

788 1804 1069 1842 Prummu.

363 1870 482 1925 Quid
499 1871 627 1931 igitur
645 1867 823 1907 faciam?
842 1879 932 1906 non
946 1864 1069 1904 eam?
1086 1877 1141 1904 ne
1153 1877 1268 1904 nunc
1285 1865 1474 1919 quidem,
1502 1865 1533 1904 I.
1559 1881 1588 1906 1.

360 1938 689 1983 Cum-,arcessor
717 1930 857 1970 ultro?
884 1942 939 1969 an
965 1930 1110 1981 potius
1140 1931 1197 1967 ita
1225 1943 1294 1968 me
1325 1944 1585 1983 comparem,

355 2001 457 2039 Non
484 1998 652 2052 perpeti
680 1997 950 2035 meretricum
982 1993 1293 2033 contumelias?

357 2063 561 2109 Exclusit:
595 2070 788 2107 revocat;
827 2057 1032 2099 redeam?
1061 2081 1106 2088 -—
1148 2070 1264 2107 non,
1299 2059 1332 2097 si
1362 2072 1430 2098 me
1460 2057 1584 2098 obse-

898 2166 904 2172 ,
981 2124 1090 2161 eret!

777 2189 1042 2228 Pnnuo.

296 2265 323 2306 5
349 2255 568 2311 Siquidem
596 2253 739 2294 hercle
766 2254 920 2306 possis,
948 2250 1007 2289 nil
1037 2252 1169 2302 prius,
1196 2249 1257 2289 nil
1286 2249 1461 2297 fortius;

348 2325 509 2361 Verum
539 2322 571 2357 si
603 2321 779 2370 incipies
809 2330 950 2370 neque
978 2314 1208 2368 pertendes
1238 2316 1416 2363 naviter,

345 2387 500 2438 Atque,
528 2381 600 2421 ubi
630 2385 716 2433 pati
747 2395 834 2420 non
865 2382 1041 2433 poteris,
1071 2392 1166 2418 cnm
1193 2390 1322 2439 nemo
1354 2387 1536 2431 expetet,

344 2449 504 2489 Infecta
535 2460 640 2499 pace
670 2445 780 2483 ultro
810 2445 864 2484 ad
894 2458 986 2484 eam
1016 2446 1176 2491 venies,
1204 2442 1412 2491 indicans,

341 2514 407 2552 Te
437 2525 576 2551 amare
607 2520 647 2548 et
676 2511 788 2548 ferre
817 2522 906 2547 non
935 2522 1083 2560 posse:
1116 2517 1255 2546 actum
1285 2516 1368 2552 esu
1398 2506 1532 2550 ilicet:

268 2591 315 2619 to
343 2578 513 2622 Peristi;
544 2573 703 2621 eludet,
731 2572 803 2612 ubi
834 2583 875 2612 te
902 2575 1059 2612 victum
1087 2572 1276 2611 senserit.

1435 2633 1563 2672 Proin
