1676 2976
0 0 139 49 ..ψ-ψ

241 82 297 132 56
720 86 762 125 Ρ.
797 81 1100 125 TERENTI

351 185 582 238 Quaesivi?
609 185 742 235 Porro
773 182 1012 224 eunuchum
1042 182 1144 222 dixti
1172 179 1283 220 velle
1310 192 1367 231 te,

349 249 476 289 solae
506 253 602 302 quia
634 247 693 287 his
723 249 899 302 reginae
927 256 1123 287 utuntur:
1154 248 1347 298 repperi:

354 312 454 350 Heri
487 316 620 351 minas
650 313 799 366 viginti
828 324 910 363 pro
940 309 1147 349 ambobus
1178 309 1299 355 dedi:

251 381 323 420 ¹25
353 378 602 415 Gonu-nitus
633 374 704 414 abs
735 385 798 422 te,
829 385 968 413 tamen
998 372 1102 414 haec
1130 372 1256 413 habui
1285 375 1330 412 in
1357 375 1575 412 memoria.

352 438 420 478 Ob
449 438 554 478 haec
584 440 694 478 sacta
725 438 796 478 abs
828 449 868 477 te
898 441 1098 491 spernor!

822 505 999 542 Tuus.

1064 564 1181 619 Quid
1210 565 1318 611 istic,
1347 561 1579 601 Phaedria?

354 630 608 685 Quanquam
638 630 754 670 illam
785 632 912 683 cupio
942 629 1156 669 abducere
1186 638 1312 681 atque
1342 626 1420 665 hac
1448 641 1494 665 re
1514 641 1579 664 ar-

982 693 1119 731 bitror

351 756 397 796 Id
428 758 515 797 fieri
548 773 675 811 posse
706 762 1249 807 maxumejwerumtamen,

351 821 495 862 Potius
527 837 652 876 (luam
684 833 724 863 te
755 821 935 861 habeam
965 824 1200 871 inimicum,
1227 819 1397 867 faciam,
1424 827 1470 856 ut
1498 819 1580 855 ius—

979 888 1095 924 seris.

774 951 1059 989 PnAennm.

252 1017 323 1057 130
350 1013 521 1052 Vtinam
553 1016 660 1053 istuc
691 1013 864 1053 verbum
896 1029 945 1053 ex
975 1016 1118 1052 animo
1148 1026 1197 1051 ac
1226 1026 1325 1051 vere
1356 1011 1541 1050 diceres:

351 1078 536 1124 „Potius
566 1092 692 1133 quam
723 1088 764 1118 te
794 1076 972 1117 habeam
1001 1077 1278 1115 inimicum!'’
1311 1078 1343 1114 si
1364 1078 1470 1113 istuc
1491 1087 1580 1112 cre-

982 1140 1127 1180 derem

353 1203 526 1244 Sincere
557 1205 658 1255 dici,
687 1206 854 1260 quidvis
883 1218 1054 1257 possem
1083 1205 1265 1256 perpeti.

794 1271 1045 1309 mammo.

351 1331 562 1382 Labascit,
590 1335 740 1373 victust
768 1346 856 1371 uno
886 1332 1033 1380 verbo,
1062 1345 1188 1385 quam
1218 1332 1325 1368 cito!

831 1398 1001 1435 Tuus.

354 1457 447 1512 Ego
475 1473 564 1500 non
595 1474 644 1499 ex
672 1463 814 1499 animo
844 1463 996 1499 misera
1026 1458 1151 1498 dico?
1177 1480 1231 1488 -
1259 1470 1382 1510 quam
1414 1459 1512 1497 ioco

254 1526 326 1568 135
353 1522 461 1562 Rem
486 1523 656 1564 voluisti
689 1538 709 1562 a
742 1539 808 1564 nie
839 1524 1027 1572 tandem,
1057 1526 1159 1576 quin
1188 1522 1447 1574 perse-ceris?

353 1586 446 1641 Ego
475 1589 704 1641 impetrare
734 1603 905 1642 nequeo
935 1587 1018 1626 hoc
1049 1586 1121 1626 abs
1153 1596 1209 1635 te,
1238 1585 1413 1625 biduum

355 1650 512 1690 Saltem
539 1663 585 1691 ut
614 1652 826 1693 concedas
855 1652 1006 1691 solum.

780 1719 1055 1757 Pnisnnm.

1053 1776 1274 1831 Siquidem
1303 1776 1501 1824 biduum:

354 1844 513 1883 verum
540 1858 596 1885 ne
623 1845 726 1886 fiant
752 1847 819 1885 isti
848 1845 995 1899 viginti
1027 1842 1138 1881 dies!

826 1910 1004 1948 Tuus.

356 1971 555 2013 Profecto
582 1986 674 2013 non
700 1973 795 2027 plus
823 1973 1000 2012 biduum
1031 1982 1190 2011 auh...

778 2039 1057 2078 ΡΗΛεοΜΑ.

1201 2099 1309 2139 Aut?
1337 2098 1396 2138 nil
1426 2112 1583 2137 moror.

830 2167 1001 2206 Tuus.

259 2232 331 2278 ¹40
360 2229 460 2268 Non
490 2228 582 2277 [ἱεῖς
613 2232 704 2270 sine
732 2230 868 2270 modo
898 2229 981 2269 hoc
1011 2239 1052 2269 te
1081 2231 1273 2268 exorem!

782 2295 1063 2335 Prummu-⁴.

1311 2354 1483 2395 Scilicet

359 2419 619 2460 Faciundum
650 2431 727 2471 ext,
756 2421 873 2475 quod
903 2423 976 2461 vis.

834 2487 1012 2525 Tuus.

1057 2549 1214 2588 Merito
1244 2557 1285 2588 te
1314 2560 1424 2588 amo,
