1676 2976
17 0 305 82 «τ’
357 0 419 75 ξ
467 1 470 5 J
629 44 635 48 -
777 0 862 75 ξε,
908 0 959 41 --·

119 88 124 92 ’
318 94 1162 177 ΗΕΑνΤοΝΤΙΜοΗῩΜΕΝόε.
1335 121 1406 162 ισι

186 227 279 265 Nec
307 238 354 264 re
383 225 475 265 fere
503 238 606 264 sane
635 223 815 276 amplius
844 222 1077 276 quidquam
1103 220 1198 270 fuit,

187 291 354 328 Tamen
380 288 449 327 vel
477 290 605 328 virtus
636 298 707 326 tua
736 301 821 336 me,
849 284 918 325 vel
944 286 1153 334 vicinitas,

130 358 156 398 5
186 353 318 407 Quod
348 365 429 405 ego
457 354 504 390 in
531 354 762 405 propinqui
794 359 915 402 parte
944 349 1152 387 amicitiae
1178 358 1301 400 puto,

182 416 317 464 Facit,
347 425 394 453 ut
425 425 465 454 te
495 415 698 458 audacter
724 427 924 452 moneam
953 422 994 451 et
1021 411 1298 461 familiariter,

188 480 322 532 Quod
349 477 451 516 mihi
486 479 633 518 videre
662 488 835 531 praeter
861 486 1042 516 aetatem
1070 485 1184 514 tuam

184 542 343 582 Facere
374 552 415 580 et
446 552 619 593 praeter
646 557 772 596 quam
800 554 869 580 res
899 551 940 579 te
970 539 1219 578 adhortatur
1246 549 1329 579 tua.

186 607 310 653 Nam,
339 604 451 658 proh
484 603 611 645 deum
640 616 767 660 atque
796 605 1017 644 hominum
1043 603 1187 653 fidem,
1216 604 1320 657 quid
1345 607 1405 646 vis

487 665 490 668 ’
813 668 916 707 tibi?

108 745 155 772 10
186 733 306 787 Quid
335 733 526 786 quaeris?
554 745 687 773 annos
717 734 931 785 sexaginta
959 741 1080 770 natus
1112 746 1154 770 es

184 798 269 836 Aut
297 797 408 848 plus,
437 807 486 836 ut
515 798 729 842 coniicio;
760 807 907 848 agrum
934 797 980 833 in
1009 793 1071 834 his
1100 795 1347 849 regionibus

186 860 432 911 Meliorem,
460 875 602 915 neque
630 861 741 912 preti
770 860 960 906 maioris,
987 872 1117 897 nemo
1146 858 1294 907 haben

185 925 305 962 Servi
336 923 600 983 copplures:
630 947 679 954 —
707 922 894 975 proinde
923 924 1042 975 quasi
1070 936 1199 962 nemo
1227 927 1321 975 siet,

182 986 244 1025 Ita
274 997 361 1026 tute
389 982 550 1026 ittente
580 987 752 1025 illorum
782 985 925 1024 officia
952 985 1144 1039 fungere.

109 1057 155 1095 15
182 1052 411 1103 Nunquam
441 1060 526 1088 tam
553 1064 678 1089 mane
707 1050 910 1104 egredior
937 1060 1194 1102 nequetam
1222 1056 1390 1105 vesperi

181 1116 369 1154 Domum
396 1124 607 1163 revortor,
637 1115 740 1166 quin
767 1123 811 1151 te
838 1115 883 1151 in
911 1112 1047 1151 fundo
1079 1117 1304 1166 conspicer

184 1178 354 1216 Fodere
383 1188 454 1216 aut
482 1191 600 1217 arare
629 1187 701 1216 aut
729 1176 891 1229 aliquid
918 1176 1060 1216 facere
1091 1177 1300 1231 denique3

180 1240 354 1279 Nullum
382 1244 560 1281 remittis
592 1251 757 1293 tempus
786 1254 927 1294 neque
957 1251 998 1279 te
1026 1243 1220 1293 respicis.

186 1304 305 1342 Haec
331 1317 422 1343 non
450 1304 661 1358 voluptati
690 1318 796 1353 esse,
825 1307 923 1343 satis
954 1312 1084 1343 certo*
1102 1307 1205 1344 scio.

104 1380 154 1405 zo
182 1367 238 1405 At
269 1367 386 1407 dices
419 1371 553 1407 enim:
582 1371 656 1408 Me
684 1378 888 1423 quantum
916 1367 986 1407 hic
1013 1368 1099 1418 fiat,
1126 1371 1335 1421 poenitet.
1355 1392 1408 1403 -—-

182 1432 314 1483 Quod
341 1435 387 1472 in
417 1446 551 1485 opere
579 1432 784 1472 faciundo
816 1445 976 1483 operae
1008 1435 1220 1472 consumis
1250 1444 1362 1485 tuae,

184 1491 227 1533 Si
254 1498 300 1534 in
326 1495 410 1535 illis
441 1497 687 1536 exercendis
717 1509 869 1544 sumas,
896 1495 991 1547 plus
1022 1511 1133 1552 agas.

576 1562 915 1600 MENEDEMVS.

185 1618 430 1663 Tantumne
459 1624 510 1663 ab
539 1639 585 1663 re
614 1634 686 1662 tua
715 1623 793 1661 tibi
822 1633 885 1662 est
914 1626 990 1673 oti,
1021 1622 1221 1673 Chreme,

182 1687 335 1726 Aliena
364 1698 411 1726 ut
440 1702 560 1727 cures
592 1702 656 1735 ea,
686 1700 796 1740 quae
824 1685 931 1724 nihil
959 1687 1015 1726 ad
1044 1697 1084 1726 te
1114 1685 1319 1728 attinent?

619 1753 877 1790 Cunnum.

105 1816 158 1861 25
186 1814 331 1852 Homo
363 1827 473 1852 sum:
505 1813 677 1852 humani
705 1813 812 1852 nihil
840 1828 863 1852 a
891 1825 961 1853 me
991 1814 1174 1854 alienum
1200 1827 1323 1869 puto.

186 1877 268 1915 Vel
295 1892 365 1917 me
393 1891 573 1916 monere
601 1877 685 1916 hoc
713 1877 781 1916 vel
807 1881 1053 1929 percontari
1080 1889 1197 1930 puta,

185 1941 367 1980 Rectum
397 1941 486 1980 est?
512 1951 559 1979 ut
587 1941 755 1989 faciam,
783 1949 874 1979 non
903 1941 993 1980 est?
1022 1951 1063 1980 te
1089 1952 1137 1980 ut
1156 1943 1406 1986 deterream.

580 2007 917 2043 ΜΕΝΕΒΕΜνε.

185 2065 293 2106 Mihi
323 2071 382 2106 sic
411 2077 475 2106 est
501 2082 619 2113 usus3
651 2068 727 2106 tibi
754 2078 801 2105 ut
829 2081 935 2120 opus
964 2067 1078 2108 facto
1110 2080 1184 2120 est,
1213 2071 1318 2113 Face.

621 2133 877 2171 CHREME&

184 2191 251 2232 An
284 2197 479 2249 cuiquam
510 2205 572 2235 est
598 2209 694 2234 usus
724 2194 903 2244 homini,
931 2210 976 2236 se
1003 2206 1051 2235 ut
1079 2200 1266 2238 cruciet?

581 2260 915 2299 MENEDEMvs.

1281 2327 1403 2370 Mihi.

624 2389 874 2427 CHREMES.

108 2455 159 2497 30
187 2450 230 2487 Si
259 2450 364 2503 quid
390 2449 564 2500 laboris,
592 2451 771 2492 nollem
810 2452 882 2495 Set
918 2451 1020 2505 quid
1058 2454 1165 2492 istuc
1192 2453 1291 2493 mali
1321 2456 1405 2497 est?

188 2515 376 2567 Quaeso,
405 2515 509 2569 quid
538 2515 592 2555 de
622 2526 663 2555 te
692 2526 853 2556 tantum
878 2517 1094 2555 meruisti?

844 2584 849 2590 ’
923 2580 957 2618 L
