<?xml version="1.0" encoding="UTF-8"?>
<!DOCTYPE html PUBLIC "-//W3C//DTD XHTML 1.0 Transitional//EN"
    "http://www.w3.org/TR/xhtml1/DTD/xhtml1-transitional.dtd">
<html xmlns="http://www.w3.org/1999/xhtml" xml:lang="en" lang="en">
 <head>
  <title>
</title>
<meta http-equiv="Content-Type" content="text/html;charset=utf-8" />
  <meta name='ocr-system' content='tesseract 3.04.00' />
  <meta name='ocr-capabilities' content='ocr_page ocr_carea ocr_par ocr_line ocrx_word'/>
</head>
<body>
  <div class='ocr_page' id='page_1' title='image "./comoediae01tereuoft_0297.png"; bbox 0 0 1676 2976; ppageno 0'>
   <div class='ocr_carea' id='block_1_1' title="bbox 563 111 869 155">
    <p class='ocr_par' dir='ltr' id='par_1_1' title="bbox 563 111 869 155">
     <span class='ocr_line' id='line_1_1' title="bbox 563 111 869 155; baseline -0.01 0"><span class='ocrx_word' id='word_1_1' title='bbox 563 111 869 155; x_wconf 88' lang='lat' dir='ltr'>ADELPHI.</span> 
     </span>
    </p>
   </div>
   <div class='ocr_carea' id='block_1_2' title="bbox 58 216 1388 1095">
    <p class='ocr_par' dir='ltr' id='par_1_2' title="bbox 58 216 1388 1095">
     <span class='ocr_line' id='line_1_2' title="bbox 569 216 878 254; baseline -0.01 0"><span class='ocrx_word' id='word_1_2' title='bbox 569 216 639 254; x_wconf 69' lang='lat' dir='ltr'>Ar:</span> <span class='ocrx_word' id='word_1_3' title='bbox 652 229 669 254; x_wconf 90' lang='lat' dir='ltr'>s</span> <span class='ocrx_word' id='word_1_4' title='bbox 685 227 878 253; x_wconf 67' lang='lat' dir='ltr'>cmxvs.</span> 
     </span>
     <span class='ocr_line' id='line_1_3' title="bbox 58 269 1384 335; baseline -0.003 -17"><span class='ocrx_word' id='word_1_5' title='bbox 58 279 135 324; x_wconf 84' lang='lat'>655</span> <span class='ocrx_word' id='word_1_6' title='bbox 161 278 224 317; x_wconf 81' lang='lat' dir='ltr'>Ita</span> <span class='ocrx_word' id='word_1_7' title='bbox 251 278 379 318; x_wconf 87' lang='lat' dir='ltr'>velim</span> <span class='ocrx_word' id='word_1_8' title='bbox 406 293 474 318; x_wconf 91' lang='lat' dir='ltr'>me</span> <span class='ocrx_word' id='word_1_9' title='bbox 501 288 820 331; x_wconf 87' lang='lat' dir='ltr'>promerentem</span> <span class='ocrx_word' id='word_1_10' title='bbox 849 288 986 324; x_wconf 88' lang='lat' dir='ltr'>ames,</span> <span class='ocrx_word' id='word_1_11' title='bbox 1023 274 1125 314; x_wconf 87' lang='lat' dir='ltr'>dum</span> <span class='ocrx_word' id='word_1_12' title='bbox 1151 269 1289 335; x_wconf 41' lang='grc' dir='ltr'>ἠχῇ)</span> <span class='ocrx_word' id='word_1_13' title='bbox 1323 278 1384 314; x_wconf 87' lang='lat' dir='ltr'>mi</span> 
     </span>
     <span class='ocr_line' id='line_1_4' title="bbox 701 336 1259 392; baseline -0.005 -13"><span class='ocrx_word' id='word_1_14' title='bbox 701 368 722 373; x_wconf 56' lang='grc'><strong><em>,</em></strong></span> <span class='ocrx_word' id='word_1_15' title='bbox 786 351 923 392; x_wconf 83' lang='lat' dir='ltr'>pater,</span> <span class='ocrx_word' id='word_1_16' title='bbox 1216 336 1259 366; x_wconf 58' lang='lat'>9*</span> 
     </span>
     <span class='ocr_line' id='line_1_5' title="bbox 163 401 1383 456; baseline -0.005 -9"><span class='ocrx_word' id='word_1_17' title='bbox 163 409 246 456; x_wconf 89' lang='lat' dir='ltr'>Vt,</span> <span class='ocrx_word' id='word_1_18' title='bbox 284 422 352 447; x_wconf 88' lang='lat' dir='ltr'>me</span> <span class='ocrx_word' id='word_1_19' title='bbox 391 404 473 445; x_wconf 84' lang='lat' dir='ltr'>hoc</span> <span class='ocrx_word' id='word_1_20' title='bbox 513 405 715 446; x_wconf 84' lang='lat' dir='ltr'>delictum</span> <span class='ocrx_word' id='word_1_21' title='bbox 751 404 970 444; x_wconf 81' lang='lat' dir='ltr'>admisisse</span> <span class='ocrx_word' id='word_1_22' title='bbox 1005 407 1051 443; x_wconf 90' lang='lat' dir='ltr'>in</span> <span class='ocrx_word' id='word_1_23' title='bbox 1077 417 1167 452; x_wconf 89' lang='lat' dir='ltr'>me,</span> <span class='ocrx_word' id='word_1_24' title='bbox 1200 403 1249 443; x_wconf 90' lang='lat' dir='ltr'>id</span> <span class='ocrx_word' id='word_1_25' title='bbox 1281 401 1383 441; x_wconf 80' lang='lat' dir='ltr'>mihi</span> 
     </span>
     <span class='ocr_line' id='line_1_6' title="bbox 788 465 1212 507; baseline -0.002 -1"><span class='ocrx_word' id='word_1_26' title='bbox 788 466 1065 507; x_wconf 85' lang='lat' dir='ltr'>vehementer</span> <span class='ocrx_word' id='word_1_27' title='bbox 1092 465 1212 506; x_wconf 90' lang='lat' dir='ltr'>dolet</span> 
     </span>
     <span class='ocr_line' id='line_1_7' title="bbox 167 534 579 586; baseline -0.002 -14"><span class='ocrx_word' id='word_1_28' title='bbox 167 534 219 572; x_wconf 89' lang='lat' dir='ltr'>Et</span> <span class='ocrx_word' id='word_1_29' title='bbox 246 548 315 574; x_wconf 88' lang='lat' dir='ltr'>me</span> <span class='ocrx_word' id='word_1_30' title='bbox 344 536 403 573; x_wconf 83' lang='lat' dir='ltr'>tui</span> <span class='ocrx_word' id='word_1_31' title='bbox 429 534 579 586; x_wconf 86' lang='lat' dir='ltr'>pudet.</span> 
     </span>
     <span class='ocr_line' id='line_1_8' title="bbox 475 596 813 643; baseline -0.009 -7"><span class='ocrx_word' id='word_1_32' title='bbox 475 641 479 643; x_wconf 55' lang='grc'><strong>,</strong></span> <span class='ocrx_word' id='word_1_33' title='bbox 630 596 813 635; x_wconf 82' lang='lat' dir='ltr'>M1010.</span> 
     </span>
     <span class='ocr_line' id='line_1_9' title="bbox 400 658 1386 712; baseline -0.001 -13"><span class='ocrx_word' id='word_1_34' title='bbox 400 660 544 700; x_wconf 87' lang='lat' dir='ltr'>Credo</span> <span class='ocrx_word' id='word_1_35' title='bbox 572 658 737 699; x_wconf 86' lang='lat' dir='ltr'>hercle:</span> <span class='ocrx_word' id='word_1_36' title='bbox 765 672 865 697; x_wconf 89' lang='lat' dir='ltr'>nam</span> <span class='ocrx_word' id='word_1_37' title='bbox 891 659 993 696; x_wconf 90' lang='lat' dir='ltr'>novi</span> <span class='ocrx_word' id='word_1_38' title='bbox 1020 659 1239 712; x_wconf 84' lang='lat' dir='ltr'>ingenium</span> <span class='ocrx_word' id='word_1_39' title='bbox 1267 669 1386 698; x_wconf 88' lang='lat' dir='ltr'>tuum</span> 
     </span>
     <span class='ocr_line' id='line_1_10' title="bbox 167 721 1384 775; baseline -0.002 -11"><span class='ocrx_word' id='word_1_40' title='bbox 167 724 382 769; x_wconf 86' lang='lat' dir='ltr'>Liberale;</span> <span class='ocrx_word' id='word_1_41' title='bbox 412 724 458 762; x_wconf 91' lang='lat' dir='ltr'>id</span> <span class='ocrx_word' id='word_1_42' title='bbox 484 737 652 772; x_wconf 89' lang='lat' dir='ltr'>vereor,</span> <span class='ocrx_word' id='word_1_43' title='bbox 679 737 735 762; x_wconf 89' lang='lat' dir='ltr'>ne</span> <span class='ocrx_word' id='word_1_44' title='bbox 766 733 812 761; x_wconf 91' lang='lat' dir='ltr'>tu</span> <span class='ocrx_word' id='word_1_45' title='bbox 837 721 1066 775; x_wconf 83' lang='lat' dir='ltr'><strong>indiligens</strong></span> <span class='ocrx_word' id='word_1_46' title='bbox 1094 724 1270 760; x_wconf 83' lang='lat' dir='ltr'>nimium</span> <span class='ocrx_word' id='word_1_47' title='bbox 1288 725 1384 762; x_wconf 91' lang='lat' dir='ltr'>sies.</span> 
     </span>
     <span class='ocr_line' id='line_1_11' title="bbox 119 785 1224 841; baseline -0.001 -16"><span class='ocrx_word' id='word_1_48' title='bbox 119 823 121 825; x_wconf 82' lang='lat'>.</span> <span class='ocrx_word' id='word_1_49' title='bbox 166 789 216 828; x_wconf 92' lang='lat' dir='ltr'>In</span> <span class='ocrx_word' id='word_1_50' title='bbox 244 802 327 841; x_wconf 89' lang='lat' dir='ltr'>qua</span> <span class='ocrx_word' id='word_1_51' title='bbox 355 787 528 826; x_wconf 76' lang='lat' dir='ltr'>tandem</span> <span class='ocrx_word' id='word_1_52' title='bbox 558 789 725 826; x_wconf 87' lang='lat' dir='ltr'>civitate</span> <span class='ocrx_word' id='word_1_53' title='bbox 754 797 796 825; x_wconf 88' lang='lat' dir='ltr'>te</span> <span class='ocrx_word' id='word_1_54' title='bbox 824 785 1027 824; x_wconf 86' lang='lat' dir='ltr'>arbitrare</span> <span class='ocrx_word' id='word_1_55' title='bbox 1054 786 1224 824; x_wconf 80' lang='lat' dir='ltr'>vivere?</span> 
     </span>
     <span class='ocr_line' id='line_1_12' title="bbox 64 850 1386 906; baseline -0.001 -15"><span class='ocrx_word' id='word_1_56' title='bbox 64 851 141 891; x_wconf 86' lang='lat'>660</span> <span class='ocrx_word' id='word_1_57' title='bbox 168 854 390 906; x_wconf 84' lang='lat' dir='ltr'>Virginem</span> <span class='ocrx_word' id='word_1_58' title='bbox 418 853 587 899; x_wconf 80' lang='lat' dir='ltr'>vitiasti,</span> <span class='ocrx_word' id='word_1_59' title='bbox 618 865 744 904; x_wconf 80' lang='lat' dir='ltr'>quam</span> <span class='ocrx_word' id='word_1_60' title='bbox 773 860 815 888; x_wconf 91' lang='lat' dir='ltr'>te</span> <span class='ocrx_word' id='word_1_61' title='bbox 843 852 906 889; x_wconf 90' lang='lat' dir='ltr'>ius</span> <span class='ocrx_word' id='word_1_62' title='bbox 925 863 1016 889; x_wconf 88' lang='lat' dir='ltr'>non</span> <span class='ocrx_word' id='word_1_63' title='bbox 1034 850 1171 888; x_wconf 76' lang='lat' dir='ltr'>Fuerat</span> <span class='ocrx_word' id='word_1_64' title='bbox 1190 860 1386 906; x_wconf 86' lang='lat' dir='ltr'>tangere;</span> 
     </span>
     <span class='ocr_line' id='line_1_13' title="bbox 168 913 1388 967; baseline 0 -13"><span class='ocrx_word' id='word_1_65' title='bbox 168 916 257 954; x_wconf 87' lang='lat' dir='ltr'>Iam</span> <span class='ocrx_word' id='word_1_66' title='bbox 285 915 331 954; x_wconf 91' lang='lat' dir='ltr'>id</span> <span class='ocrx_word' id='word_1_67' title='bbox 358 925 583 967; x_wconf 83' lang='lat' dir='ltr'>peccatum</span> <span class='ocrx_word' id='word_1_68' title='bbox 608 918 793 967; x_wconf 88' lang='lat' dir='ltr'>primum</span> <span class='ocrx_word' id='word_1_69' title='bbox 819 927 1044 967; x_wconf 85' lang='lat' dir='ltr'>magnum,</span> <span class='ocrx_word' id='word_1_70' title='bbox 1082 924 1123 952; x_wconf 89' lang='lat' dir='ltr'>at</span> <span class='ocrx_word' id='word_1_71' title='bbox 1158 913 1388 954; x_wconf 83' lang='lat' dir='ltr'>humanum</span> 
     </span>
     <span class='ocr_line' id='line_1_14' title="bbox 791 977 1179 1017; baseline 0 -1"><span class='ocrx_word' id='word_1_72' title='bbox 791 988 854 1017; x_wconf 90' lang='lat' dir='ltr'>est</span> <span class='ocrx_word' id='word_1_73' title='bbox 883 987 1042 1016; x_wconf 86' lang='lat' dir='ltr'>tamen:</span> <span class='ocrx_word' id='word_1_74' title='bbox 1074 977 1179 1016; x_wconf 91' lang='lat' dir='ltr'>boni</span> 
     </span>
     <span class='ocr_line' id='line_1_15' title="bbox 166 1043 1386 1095; baseline 0 -13"><span class='ocrx_word' id='word_1_75' title='bbox 166 1044 375 1083; x_wconf 87' lang='lat' dir='ltr'>Fecerunt</span> <span class='ocrx_word' id='word_1_76' title='bbox 401 1046 504 1082; x_wconf 91' lang='lat' dir='ltr'>item</span> <span class='ocrx_word' id='word_1_77' title='bbox 534 1043 606 1082; x_wconf 83' lang='lat' dir='ltr'>alii</span> <span class='ocrx_word' id='word_1_78' title='bbox 633 1055 775 1095; x_wconf 85' lang='lat' dir='ltr'><strong>saepe.</strong></span> <span class='ocrx_word' id='word_1_79' title='bbox 803 1043 859 1080; x_wconf 88' lang='lat' dir='ltr'>At</span> <span class='ocrx_word' id='word_1_80' title='bbox 885 1051 1112 1094; x_wconf 82' lang='lat' dir='ltr'>postquam</span> <span class='ocrx_word' id='word_1_81' title='bbox 1146 1043 1193 1081; x_wconf 88' lang='lat' dir='ltr'>id</span> <span class='ocrx_word' id='word_1_82' title='bbox 1230 1047 1386 1094; x_wconf 87' lang='lat' dir='ltr'>evenit,</span> 
     </span>
    </p>
   </div>
   <div class='ocr_carea' id='block_1_3' title="bbox 169 1105 1391 1407">
    <p class='ocr_par' dir='ltr' id='par_1_3' title="bbox 795 1105 920 1153">
     <span class='ocr_line' id='line_1_16' title="bbox 795 1105 920 1153; baseline -0.008 -9"><span class='ocrx_word' id='word_1_83' title='bbox 795 1105 920 1153; x_wconf 84' lang='lat' dir='ltr'>cedo,</span> 
     </span>
    </p>

    <p class='ocr_par' dir='ltr' id='par_1_4' title="bbox 169 1169 1389 1280">
     <span class='ocr_line' id='line_1_17' title="bbox 169 1169 1389 1224; baseline 0.002 -15"><span class='ocrx_word' id='word_1_84' title='bbox 169 1171 389 1224; x_wconf 74' lang='lat' dir='ltr'>Niunquid</span> <span class='ocrx_word' id='word_1_85' title='bbox 418 1172 713 1223; x_wconf 84' lang='lat' dir='ltr'>circumspexti</span> <span class='ocrx_word' id='word_1_86' title='bbox 742 1179 814 1208; x_wconf 80' lang='lat' dir='ltr'>aut</span> <span class='ocrx_word' id='word_1_87' title='bbox 830 1169 1039 1221; x_wconf 88' lang='lat' dir='ltr'>numquid</span> <span class='ocrx_word' id='word_1_88' title='bbox 1063 1179 1151 1209; x_wconf 88' lang='lat' dir='ltr'>tute</span> <span class='ocrx_word' id='word_1_89' title='bbox 1169 1174 1389 1224; x_wconf 86' lang='lat' dir='ltr'>prospexti</span> 
     </span>
     <span class='ocr_line' id='line_1_18' title="bbox 807 1232 900 1280; baseline -0.011 -10"><span class='ocrx_word' id='word_1_90' title='bbox 807 1232 900 1280; x_wconf 90' lang='lat' dir='ltr'>tibi,</span> 
     </span>
    </p>

    <p class='ocr_par' dir='ltr' id='par_1_5' title="bbox 172 1296 1391 1407">
     <span class='ocr_line' id='line_1_19' title="bbox 172 1296 1391 1351; baseline -0.003 -16"><span class='ocrx_word' id='word_1_91' title='bbox 172 1298 288 1350; x_wconf 85' lang='lat' dir='ltr'>Quid</span> <span class='ocrx_word' id='word_1_92' title='bbox 315 1298 449 1347; x_wconf 85' lang='lat' dir='ltr'>fieret,</span> <span class='ocrx_word' id='word_1_93' title='bbox 478 1311 561 1351; x_wconf 85' lang='lat' dir='ltr'>qua</span> <span class='ocrx_word' id='word_1_94' title='bbox 586 1297 735 1336; x_wconf 86' lang='lat' dir='ltr'>fieret?</span> <span class='ocrx_word' id='word_1_95' title='bbox 761 1299 796 1336; x_wconf 89' lang='lat' dir='ltr'>si</span> <span class='ocrx_word' id='word_1_96' title='bbox 826 1306 867 1334; x_wconf 92' lang='lat' dir='ltr'>te</span> <span class='ocrx_word' id='word_1_97' title='bbox 894 1296 953 1333; x_wconf 89' lang='lat' dir='ltr'>mi</span> <span class='ocrx_word' id='word_1_98' title='bbox 980 1296 1125 1347; x_wconf 16' lang='lat' dir='ltr'>ipsum*</span> <span class='ocrx_word' id='word_1_99' title='bbox 1144 1297 1300 1349; x_wconf 78' lang='lat' dir='ltr'>puduit</span> <span class='ocrx_word' id='word_1_100' title='bbox 1327 1301 1391 1338; x_wconf 87' lang='lat' dir='ltr'>di-</span> 
     </span>
     <span class='ocr_line' id='line_1_20' title="bbox 796 1373 907 1407; baseline 0 -9"><span class='ocrx_word' id='word_1_101' title='bbox 796 1373 907 1407; x_wconf 89' lang='lat' dir='ltr'>cere,</span> 
     </span>
    </p>
   </div>
   <div class='ocr_carea' id='block_1_4' title="bbox 65 1421 1391 1731">
    <p class='ocr_par' dir='ltr' id='par_1_6' title="bbox 65 1421 1391 1731">
     <span class='ocr_line' id='line_1_21' title="bbox 65 1421 1391 1478; baseline -0.002 -16"><span class='ocrx_word' id='word_1_102' title='bbox 65 1423 143 1469; x_wconf 83' lang='lat'>665</span> <span class='ocrx_word' id='word_1_103' title='bbox 172 1425 267 1478; x_wconf 87' lang='lat' dir='ltr'>Qua</span> <span class='ocrx_word' id='word_1_104' title='bbox 294 1424 593 1464; x_wconf 85' lang='lat' dir='ltr'>resciscerem?</span> <span class='ocrx_word' id='word_1_105' title='bbox 619 1425 737 1463; x_wconf 90' lang='lat' dir='ltr'>Haec</span> <span class='ocrx_word' id='word_1_106' title='bbox 765 1423 867 1462; x_wconf 88' lang='lat' dir='ltr'>dum</span> <span class='ocrx_word' id='word_1_107' title='bbox 888 1421 1069 1472; x_wconf 85' lang='lat' dir='ltr'>dubitas,</span> <span class='ocrx_word' id='word_1_108' title='bbox 1088 1437 1254 1466; x_wconf 88' lang='lat' dir='ltr'>menses</span> <span class='ocrx_word' id='word_1_109' title='bbox 1275 1427 1391 1467; x_wconf 89' lang='lat' dir='ltr'>abie-</span> 
     </span>
     <span class='ocr_line' id='line_1_22' title="bbox 249 1487 1094 1536; baseline -0.007 -6"><span class='ocrx_word' id='word_1_110' title='bbox 249 1534 253 1536; x_wconf 46' lang='grc'>,</span> <span class='ocrx_word' id='word_1_111' title='bbox 793 1497 893 1526; x_wconf 87' lang='lat' dir='ltr'>runt</span> <span class='ocrx_word' id='word_1_112' title='bbox 922 1487 1094 1524; x_wconf 86' lang='lat' dir='ltr'>decem:</span> 
     </span>
     <span class='ocr_line' id='line_1_23' title="bbox 171 1551 1391 1608; baseline -0.002 -18"><span class='ocrx_word' id='word_1_113' title='bbox 171 1552 402 1591; x_wconf 86' lang='lat' dir='ltr'>Prodidisti</span> <span class='ocrx_word' id='word_1_114' title='bbox 433 1561 475 1590; x_wconf 89' lang='lat' dir='ltr'>et</span> <span class='ocrx_word' id='word_1_115' title='bbox 502 1551 617 1590; x_wconf 85' lang='lat' dir='ltr'>illam</span> <span class='ocrx_word' id='word_1_116' title='bbox 643 1554 840 1591; x_wconf 86' lang='lat' dir='ltr'>miseram</span> <span class='ocrx_word' id='word_1_117' title='bbox 871 1560 913 1588; x_wconf 89' lang='lat' dir='ltr'>et</span> <span class='ocrx_word' id='word_1_118' title='bbox 941 1560 1129 1603; x_wconf 83' lang='lat' dir='ltr'>gnatum,</span> <span class='ocrx_word' id='word_1_119' title='bbox 1159 1554 1278 1604; x_wconf 86' lang='lat' dir='ltr'>quod</span> <span class='ocrx_word' id='word_1_120' title='bbox 1298 1558 1391 1608; x_wconf 77' lang='lat' dir='ltr'>qui..</span> 
     </span>
     <span class='ocr_line' id='line_1_24' title="bbox 801 1614 1163 1653; baseline 0 0"><span class='ocrx_word' id='word_1_121' title='bbox 801 1615 899 1653; x_wconf 90' lang='lat' dir='ltr'>dem</span> <span class='ocrx_word' id='word_1_122' title='bbox 929 1616 973 1652; x_wconf 90' lang='lat' dir='ltr'>in</span> <span class='ocrx_word' id='word_1_123' title='bbox 1003 1624 1043 1652; x_wconf 90' lang='lat' dir='ltr'>te</span> <span class='ocrx_word' id='word_1_124' title='bbox 1071 1614 1163 1653; x_wconf 79' lang='lat' dir='ltr'>fuit.</span> 
     </span>
     <span class='ocr_line' id='line_1_25' title="bbox 174 1676 1390 1731; baseline 0.005 -15"><span class='ocrx_word' id='word_1_125' title='bbox 174 1678 318 1731; x_wconf 85' lang='lat' dir='ltr'>Quid?</span> <span class='ocrx_word' id='word_1_126' title='bbox 355 1679 580 1727; x_wconf 87' lang='lat' dir='ltr'>credebas,</span> <span class='ocrx_word' id='word_1_127' title='bbox 610 1678 841 1725; x_wconf 82' lang='lat' dir='ltr'>dormienti</span> <span class='ocrx_word' id='word_1_128' title='bbox 869 1676 975 1715; x_wconf 89' lang='lat' dir='ltr'>haec</span> <span class='ocrx_word' id='word_1_129' title='bbox 1003 1676 1080 1715; x_wconf 89' lang='lat' dir='ltr'>tibi</span> <span class='ocrx_word' id='word_1_130' title='bbox 1119 1680 1390 1723; x_wconf 76' lang='lat' dir='ltr'>confecturos</span> 
     </span>
    </p>
   </div>
   <div class='ocr_carea' id='block_1_5' title="bbox 70 1742 1394 2291">
    <p class='ocr_par' dir='ltr' id='par_1_7' title="bbox 70 1742 1394 2291">
     <span class='ocr_line' id='line_1_26' title="bbox 798 1742 920 1789; baseline 0.008 -10"><span class='ocrx_word' id='word_1_131' title='bbox 798 1742 920 1789; x_wconf 88' lang='lat' dir='ltr'>deos,</span> 
     </span>
     <span class='ocr_line' id='line_1_27' title="bbox 171 1804 1392 1858; baseline 0.005 -15"><span class='ocrx_word' id='word_1_132' title='bbox 171 1806 225 1843; x_wconf 88' lang='lat' dir='ltr'>Et</span> <span class='ocrx_word' id='word_1_133' title='bbox 251 1805 367 1844; x_wconf 83' lang='lat' dir='ltr'>illam</span> <span class='ocrx_word' id='word_1_134' title='bbox 395 1808 486 1844; x_wconf 88' lang='lat' dir='ltr'>sine</span> <span class='ocrx_word' id='word_1_135' title='bbox 515 1815 586 1844; x_wconf 87' lang='lat' dir='ltr'>tua</span> <span class='ocrx_word' id='word_1_136' title='bbox 614 1819 747 1858; x_wconf 87' lang='lat' dir='ltr'>opera</span> <span class='ocrx_word' id='word_1_137' title='bbox 765 1808 811 1844; x_wconf 90' lang='lat' dir='ltr'>in</span> <span class='ocrx_word' id='word_1_138' title='bbox 831 1804 1070 1844; x_wconf 84' lang='lat' dir='ltr'>cubiculum</span> <span class='ocrx_word' id='word_1_139' title='bbox 1087 1807 1140 1844; x_wconf 89' lang='lat' dir='ltr'>iri</span> <span class='ocrx_word' id='word_1_140' title='bbox 1161 1807 1392 1849; x_wconf 88' lang='lat' dir='ltr'>deductum</span> 
     </span>
     <span class='ocr_line' id='line_1_28' title="bbox 798 1868 944 1907; baseline -0.007 0"><span class='ocrx_word' id='word_1_141' title='bbox 798 1868 944 1907; x_wconf 83' lang='lat' dir='ltr'>tuum?</span> 
     </span>
     <span class='ocr_line' id='line_1_29' title="bbox 174 1931 1394 1978; baseline 0.007 -8"><span class='ocrx_word' id='word_1_142' title='bbox 174 1931 317 1971; x_wconf 88' lang='lat' dir='ltr'>Nolim</span> <span class='ocrx_word' id='word_1_143' title='bbox 347 1943 580 1971; x_wconf 83' lang='lat' dir='ltr'>ceterarum</span> <span class='ocrx_word' id='word_1_144' title='bbox 607 1947 748 1971; x_wconf 90' lang='lat' dir='ltr'>rerum</span> <span class='ocrx_word' id='word_1_145' title='bbox 777 1943 819 1971; x_wconf 89' lang='lat' dir='ltr'>te</span> <span class='ocrx_word' id='word_1_146' title='bbox 847 1933 1074 1972; x_wconf 89' lang='lat' dir='ltr'>socordem</span> <span class='ocrx_word' id='word_1_147' title='bbox 1111 1935 1267 1975; x_wconf 86' lang='lat' dir='ltr'>eodem</span> <span class='ocrx_word' id='word_1_148' title='bbox 1300 1952 1394 1978; x_wconf 88' lang='lat' dir='ltr'>mo·-</span> 
     </span>
     <span class='ocr_line' id='line_1_30' title="bbox 804 1997 1299 2035; baseline 0 0"><span class='ocrx_word' id='word_1_149' title='bbox 804 1997 875 2035; x_wconf 91' lang='lat' dir='ltr'>do.</span> <span class='ocrx_word' id='word_1_150' title='bbox 903 2020 956 2025; x_wconf 93' lang='lat'><strong>—</strong></span> <span class='ocrx_word' id='word_1_151' title='bbox 1282 2030 1299 2035; x_wconf 27' lang='lat' dir='ltr'>c</span> 
     </span>
     <span class='ocr_line' id='line_1_31' title="bbox 70 2059 1080 2103; baseline 0.002 -5"><span class='ocrx_word' id='word_1_152' title='bbox 70 2060 147 2103; x_wconf 79' lang='lat'>670</span> <span class='ocrx_word' id='word_1_153' title='bbox 173 2061 296 2099; x_wconf 92' lang='lat' dir='ltr'>Bono</span> <span class='ocrx_word' id='word_1_154' title='bbox 327 2062 469 2099; x_wconf 90' lang='lat' dir='ltr'>animo</span> <span class='ocrx_word' id='word_1_155' title='bbox 500 2075 565 2099; x_wconf 89' lang='lat' dir='ltr'>es:</span> <span class='ocrx_word' id='word_1_156' title='bbox 594 2073 772 2099; x_wconf 89' lang='lat' dir='ltr'>uxorem</span> <span class='ocrx_word' id='word_1_157' title='bbox 801 2060 909 2098; x_wconf 91' lang='lat' dir='ltr'>hanc</span> <span class='ocrx_word' id='word_1_158' title='bbox 939 2059 1080 2100; x_wconf 85' lang='lat' dir='ltr'>duces.</span> 
     </span>
     <span class='ocr_line' id='line_1_32' title="bbox 582 2125 888 2163; baseline -0.003 0"><span class='ocrx_word' id='word_1_159' title='bbox 582 2125 888 2163; x_wconf 66' lang='lat' dir='ltr'>Anscnmvs.</span> 
     </span>
     <span class='ocr_line' id='line_1_33' title="bbox 1040 2188 1393 2242; baseline 0.014 -16"><span class='ocrx_word' id='word_1_160' title='bbox 1040 2188 1165 2237; x_wconf 88' lang='lat' dir='ltr'>Hem,</span> <span class='ocrx_word' id='word_1_161' title='bbox 1191 2199 1325 2242; x_wconf 83' lang='lat' dir='ltr'>pater.</span> <span class='ocrx_word' id='word_1_162' title='bbox 1336 2220 1347 2231; x_wconf 87' lang='lat'><strong>.</strong></span> <span class='ocrx_word' id='word_1_163' title='bbox 1360 2221 1369 2230; x_wconf 92' lang='lat'>.</span> <span class='ocrx_word' id='word_1_164' title='bbox 1382 2222 1393 2231; x_wconf 86' lang='lat'><strong><em>.</em></strong></span> 
     </span>
     <span class='ocr_line' id='line_1_34' title="bbox 638 2253 821 2291; baseline 0.005 -1"><span class='ocrx_word' id='word_1_165' title='bbox 638 2253 741 2291; x_wconf 81' lang='lat' dir='ltr'>Mic</span> <span class='ocrx_word' id='word_1_166' title='bbox 752 2267 767 2291; x_wconf 91' lang='lat'>1</span> <span class='ocrx_word' id='word_1_167' title='bbox 782 2266 821 2291; x_wconf 86' lang='lat' dir='ltr'>o.</span> 
     </span>
    </p>
   </div>
   <div class='ocr_carea' id='block_1_6' title="bbox 180 2317 1393 2548">
    <p class='ocr_par' dir='ltr' id='par_1_8' title="bbox 180 2317 1393 2548">
     <span class='ocr_line' id='line_1_35' title="bbox 794 2317 1393 2373; baseline 0.008 -19"><span class='ocrx_word' id='word_1_168' title='bbox 794 2317 918 2355; x_wconf 91' lang='lat' dir='ltr'>Bono</span> <span class='ocrx_word' id='word_1_169' title='bbox 948 2317 1090 2356; x_wconf 82' lang='lat' dir='ltr'>animo</span> <span class='ocrx_word' id='word_1_170' title='bbox 1120 2331 1179 2367; x_wconf 85' lang='lat' dir='ltr'>es,</span> <span class='ocrx_word' id='word_1_171' title='bbox 1205 2319 1393 2373; x_wconf 83' lang='lat' dir='ltr'>inquam.</span> 
     </span>
     <span class='ocr_line' id='line_1_36' title="bbox 585 2380 887 2419; baseline 0 -1"><span class='ocrx_word' id='word_1_172' title='bbox 585 2380 887 2419; x_wconf 69' lang='lat' dir='ltr'>Anscamvs.</span> 
     </span>
     <span class='ocr_line' id='line_1_37' title="bbox 180 2440 991 2490; baseline 0.005 -11"><span class='ocrx_word' id='word_1_173' title='bbox 180 2440 387 2490; x_wconf 86' lang='lat' dir='ltr'>Obsecro,</span> <span class='ocrx_word' id='word_1_174' title='bbox 413 2455 516 2482; x_wconf 88' lang='lat' dir='ltr'>num</span> <span class='ocrx_word' id='word_1_175' title='bbox 542 2442 652 2482; x_wconf 91' lang='lat' dir='ltr'>ludis</span> <span class='ocrx_word' id='word_1_176' title='bbox 682 2454 727 2482; x_wconf 91' lang='lat' dir='ltr'>tu</span> <span class='ocrx_word' id='word_1_177' title='bbox 753 2457 867 2483; x_wconf 91' lang='lat' dir='ltr'>nunc</span> <span class='ocrx_word' id='word_1_178' title='bbox 894 2443 991 2483; x_wconf 84' lang='lat' dir='ltr'>me?</span> 
     </span>
     <span class='ocr_line' id='line_1_38' title="bbox 641 2509 825 2548; baseline 0 -1"><span class='ocrx_word' id='word_1_179' title='bbox 641 2509 825 2548; x_wconf 77' lang='lat' dir='ltr'>M1010,</span> 
     </span>
    </p>
   </div>
   <div class='ocr_carea' id='block_1_7' title="bbox 876 2570 1398 2626">
    <p class='ocr_par' dir='ltr' id='par_1_9' title="bbox 876 2570 1398 2626">
     <span class='ocr_line' id='line_1_39' title="bbox 876 2570 1398 2626; baseline 0.008 -17"><span class='ocrx_word' id='word_1_180' title='bbox 876 2570 968 2625; x_wconf 84' lang='lat' dir='ltr'>Ego</span> <span class='ocrx_word' id='word_1_181' title='bbox 997 2570 1065 2610; x_wconf 84' lang='lat' dir='ltr'>te?</span> <span class='ocrx_word' id='word_1_182' title='bbox 1091 2572 1398 2626; x_wconf 84' lang='lat' dir='ltr'>quamobrem?</span> 
     </span>
    </p>
   </div>
  </div>
 </body>
</html>
