1676 2976
329 111 1174 152 HEAVTONTIMORVMENOS.
1344 119 1420 157 205

197 213 297 250 Mea
331 209 512 265 Phrygia
523 239 537 259 ,
575 211 772 250 audistin’
784 238 798 259 ‚
836 210 969 250 modo
1008 213 1087 250 iste
1122 209 1253 250 homo
1293 225 1419 265 quam

826 274 1131 315 demonstravit
1158 275 1299 314 villam

92 338 171 385 680
199 335 371 377 Charim⁰
385 368 393 376 .
409 366 438 377 ..
450 368 458 376 .

631 402 663 440 P
672 416 700 440 u
712 415 738 440 n
748 415 773 441 Y
784 414 811 440 o
820 415 835 440 1
844 414 882 440 A.
1419 414 1443 439 Q

316 465 483 503 Audivi.
1101 467 1108 471 ⁴

633 529 665 566 B
678 542 700 566 A
711 541 734 565 c
748 541 771 566 c
785 543 811 566 n
821 543 835 567 1
846 542 877 567 s.

434 593 683 630 Proxumam
714 604 805 630 esse
833 590 930 631 huic
956 593 1094 633 fundo
1124 593 1180 632 ad
1208 594 1422 633 dextram?

497 653 500 655 ’
632 656 663 694 Ρ
671 669 696 692 Η
706 669 732 693 R
745 669 769 693 Y
783 668 809 695 G
820 670 834 694 1
843 670 881 695 A.

1224 722 1416 761 Memini.

635 783 668 820 B
680 795 704 819 A
718 795 740 820 c
752 795 775 820 c
785 796 811 820 n
822 796 835 820 1
846 796 877 821 s.

197 843 420 884 Curriculo
466 859 691 897 perenne:
739 847 855 898 apud
902 859 1001 885 eum
1046 846 1171 887 miles
1208 849 1419 903 Dionysia

818 912 961 964 agitat.

663 973 837 1011 SYRvm

196 1035 313 1087 Quid
340 1036 558 1089 inceptat?

630 1100 663 1137 B
675 1113 699 1137 A
711 1112 734 1137 c
744 1112 768 1137 c
781 1112 830 1137 m
841 1113 873 1138 s.

484 1164 591 1211 Dic,
627 1177 697 1202 me
735 1163 805 1201 hic
835 1163 1001 1215 oppido
1035 1177 1126 1203 esse
1154 1168 1330 1206 invitam
1358 1178 1418 1207 at-

820 1241 903 1280 que
935 1227 1149 1266 adservari
1164 1244 1173 1275 ;

192 1288 352 1326 Verum
389 1288 533 1343 aliquo
571 1300 699 1342 pacto
736 1290 867 1329 verba
903 1305 973 1330 me
1010 1290 1072 1330 his
1104 1292 1297 1334 daturam
1325 1309 1416 1335 esse

816 1365 859 1393 et
885 1366 1122 1396 venturam.

663 1418 840 1457 SYRV&

191 1478 303 1516 Perii
339 1476 503 1519 hercle!
550 1479 726 1520 Bacchis
764 1495 911 1531 mane,
958 1487 1107 1523 mane!
1156 1498 1243 1538 quo
1285 1487 1415 1524 mittis

813 1547 963 1585 istam?
991 1562 1166 1601 quaem,
1397 1547 1400 1550 ’

88 1606 165 1653 685
191 1606 296 1646 Iube
322 1611 514 1646 maneat!

636 1673 668 1711 B
679 1686 703 1710 A
715 1686 737 1710 c
751 1686 773 1710 c
785 1685 810 1710 Η
819 1687 833 1711 1
843 1687 875 1711 s.

542 1733 574 1772 Ι.

662 1799 688 1835 S
702 1812 725 1837 Y
737 1812 795 1836 nv
805 1813 837 1837 s,

593 1861 712 1913 Quin
742 1872 804 1900 est
830 1872 1026 1913 paratum
1054 1875 1291 1918 argentum.

633 1925 667 1962 B
680 1939 704 1961 A
717 1938 739 1962 c
753 1939 775 1963 c
786 1939 811 1963 Η
821 1940 835 1964 1
848 1940 879 1964 s.

988 1991 1103 2048 Quin
1134 2006 1215 2046 ego
1244 2006 1414 2034 maneo.

663 2050 835 2090 SYRvs

191 2113 320 2166 Atqui
349 2114 432 2150 iam
462 2112 644 2152 dabitur.

623 2179 655 2216 B
665 2192 691 2216 A
704 2192 727 2216 c
741 2192 763 2216 c
775 2193 800 2217 H
811 2194 826 2218 1
838 2194 869 2219 s.

498 2242 556 2279 Vt
582 2239 713 2279 lubet.
742 2244 854 2281 Num
886 2257 969 2297 ego
997 2244 1139 2283 insto?

666 2305 836 2345 SYRV&

891 2372 948 2410 At
975 2373 1078 2411 scin’
1109 2374 1228 2426 quid,
1255 2376 1414 2416 sodes?

629 2433 663 2470 B
672 2446 697 2471 A
710 2446 732 2470 c
744 2446 767 2471 c
777 2446 825 2472 m
834 2448 866 2474 s.

192 2494 310 2548 Quid
321 2494 337 2531 Ρ
