1676 2976
622 91 997 132 EVNVCHVS.
1116 130 1119 131 γ
1398 105 1468 132 101

249 194 471 232 Praeterea
509 192 647 232 forma
688 201 731 230 et
770 200 882 230 aetas
917 192 1009 243 ipsa
1045 199 1130 239 est,
1164 190 1291 230 facile
1316 200 1363 230 ut
1388 204 1470 244 pro

872 252 1070 295 eunucho
1097 252 1268 306 probes.

679 320 933 358 CRAEREA.

140 391 215 431 325
244 386 357 424 Dixti
377 382 577 437 pulchre'
598 396 815 437 nunquam
834 382 921 421 vidi
940 381 1088 422 melius
1110 381 1333 422 consilium
1352 381 1466 421 dari!

243 450 350 501 Age,
372 462 512 487 eamus
536 450 647 486 intro
669 461 782 486 nunc
800 448 905 485 iam!
929 459 1035 485 orna
1051 448 1144 485 me!
1175 445 1336 486 abduc!
1368 446 1465 495 duc,

871 519 1075 564 quantum
1102 513 1266 563 potest!

677 576 930 614 PAnnnzno.

246 639 362 692 Quid
392 640 507 694 agis?
534 639 709 679 iocabar
736 636 949 690 equidem.

669 703 703 742 C
714 714 775 740 ΗΔ
786 715 808 740 ε
819 714 846 738 n
855 714 877 738 E
889 714 926 738 A.

855 763 1014 803 Garris.

678 829 934 866 PAnmnuo.

814 890 941 936 Perii,
970 886 1075 940 quid
1103 901 1184 941 ego
1215 893 1283 943 egi
1311 892 1467 930 miser?

243 959 341 1011 Quo
373 954 535 995 trudis?
577 954 665 993 Iam
693 951 926 1006 perculeris
957 960 1002 988 tu
1028 953 1120 989 me!
1158 950 1234 990 tibi
1265 955 1465 1007 equidem

866 1015 986 1053 dico:
1015 1017 1164 1054 mane!

667 1081 702 1119 C
714 1093 742 1117 ιι
753 1092 808 1117 Ar:
818 1091 845 1116 n
855 1092 876 1117 E
885 1092 923 1117 A.

233 1147 397 1186 Eamus.
750 1143 758 1147 ”

672 1208 922 1245 Panno.

392 1271 588 1327 Pergin'?
646 1267 657 1272 “

663 1335 696 1373 C
708 1347 736 1372 n
745 1348 770 1372 A
780 1347 803 1372 E
813 1346 840 1372 n
851 1347 874 1371 Β
883 1347 922 1372 A.

587 1398 761 1437 Certum
790 1408 864 1437 est.

654 1491 656 1493 -
674 1463 927 1501 PAnmmto.

487 1525 616 1574 Vide,
634 1538 690 1564 ne
710 1528 886 1563 nimium
908 1525 1090 1564 calidum
1110 1524 1193 1564 hoc
1215 1527 1281 1575 sit,
1300 1526 1456 1566 modo!

670 1591 920 1629 CHAEREA.

131 1663 205 1702 330
231 1657 332 1695 Non
361 1663 423 1692 est
450 1653 670 1706 profecto:
701 1655 817 1691 sine!

672 1717 928 1755 PAummzo.

527 1779 583 1817 At
611 1781 724 1817 enim
751 1781 882 1817 istaec
909 1781 955 1818 in
981 1792 1050 1817 me
1079 1779 1259 1819 cudetur
1283 1779 1404 1820 faba!

668 1843 702 1882 C
716 1855 842 1880 nAssn
852 1856 920 1880 BA.

1365 1906 1453 1946 Ah!

667 1970 923 2008 PARMENO.

229 2034 450 2087 Flagitium
477 2032 600 2071 facis!

662 2098 696 2135 C
708 2110 734 2133 Η
746 2109 770 2133 A
782 2109 803 2134 E
814 2109 839 2134 n
849 2110 871 2134 E
884 2110 921 2134 A.

383 2160 450 2197 An
470 2158 515 2197 id
535 2170 595 2197 est
614 2160 833 2214 flagitium,
854 2162 889 2199 si
907 2162 952 2197 in
973 2159 1147 2199 domum
1163 2163 1454 2201 meretriciam

232 2223 432 2263 Deducat
471 2233 513 2262 et
547 2223 628 2262 illis
668 2222 883 2271 crucibus,
919 2237 1028 2275 quae
1064 2237 1142 2262 nos
1177 2235 1453 2279 nostramque

858 2286 1189 2326 adolescentiam

233 2352 490 2402 Despectam
519 2349 700 2398 habent,
738 2360 781 2389 et
814 2364 924 2404 quae
950 2364 1030 2389 nos
1058 2365 1227 2403 semper
1255 2353 1450 2393 omnibus

859 2418 1047 2453 cruciant
1073 2415 1227 2465 modis,

233 2481 357 2517 Nunc
384 2477 569 2517 referam
597 2480 774 2533 gratias,
811 2488 937 2532 atque
963 2479 1112 2527 itidem
1140 2493 1209 2519 eas
1236 2479 1379 2519 fallam
1406 2491 1453 2520 ut

864 2542 916 2581 ab
946 2545 1004 2582 eis
1030 2539 1241 2583 fallimur?
