1676 2976
258 109 329 155 ¹48
728 102 772 140 P.
807 97 1106 140 TERENTI
1142 101 1145 103 ’

793 199 1036 238 Pru-nus.

479 273 481 275 ’
521 265 598 303 Hic
627 275 707 316 pro
736 260 812 302 illo
842 276 1018 302 munere
1047 261 1123 301 tibi
1153 262 1292 304 honos
1321 274 1385 304 est
1406 262 1587 303 habitus.

982 324 1120 365 Abeo.

800 389 1053 428 ΡΑιιηεκο.

359 457 541 510 Egomet
575 467 673 493 meo
713 453 876 492 indicio
913 455 1067 501 miser,
1113 455 1231 507 quasi
1269 467 1415 503 sorex,
1461 452 1590 493 hodie

984 518 1118 569 perii!

555 767 902 818 GNATHO.
970 767 1294 819 THRASO.

803 901 1039 939 Gru-ruo.

363 964 481 1020 Quid
508 963 651 1004 nunc?
687 976 771 1017 qua
807 977 883 1016 spe
913 973 982 1002 aut
1012 977 1099 1016 quo
1131 964 1314 1004 consilio
1344 964 1427 1003 huc
1456 965 1592 1003 imus?

821 1027 924 1080 quid
954 1038 1145 1080 coeptas,
1175 1027 1365 1068 Thraso?
1472 1030 1524 1067 V.
1554 1041 1590 1079 7.

817 1092 1041 1130 TnnAso.

258 1172 336 1214 970
363 1157 542 1213 Egone?
584 1166 632 1196 ut
674 1156 830 1196 dedam
865 1152 1019 1193 Thaidi
1055 1167 1124 1193 me
1161 1164 1203 1193 et
1246 1153 1424 1204 faciam,
1471 1156 1590 1209 quod

992 1215 1149 1257 iubeat.

808 1283 1046 1323 Garrno.

1360 1346 1476 1399 Quid
1506 1347 1594 1385 ais?

811 1411 1040 1449 TnnAso.

369 1478 454 1531 Qui
491 1477 626 1515 minus
663 1487 790 1528 quam
818 1473 1023 1513 Hercules
1052 1471 1517 1525 servivitotnphalae?

808 1539 1042 1577 Gmruo.

1083 1589 1329 1641 Exemplum
1358 1589 1511 1641 placet.
1540 1613 1591 1621 —

368 1659 539 1697 Vtinam
568 1654 645 1694 tibi
666 1655 947 1708 commitigari
968 1653 1136 1693 videam
1156 1653 1348 1692 sandalio
1371 1657 1517 1706 caput!
1539 1677 1592 1686 —

365 1721 439 1760 Set
465 1720 581 1760 fores
611 1727 869 1771 crepuerunt
897 1715 949 1755 ab
979 1730 1043 1756 ea.

818 1782 987 1820 Tutus
1001 1795 1041 1821 0.

793 1846 927 1884 Perii!
959 1843 1063 1898 quid
1092 1843 1175 1883 hoc
1204 1854 1344 1882 nutem
1375 1856 1435 1883 est
1465 1845 1592 1884 mali?

362 1912 487 1951 Hunc
515 1924 597 1966 ego
624 1920 843 1963 nunquam
872 1908 1060 1949 videram
1091 1911 1229 1947 etiam.
1277 1908 1491 1959 Quidnam
1523 1909 1590 1951 hie

990 1985 1228 2026 properans
1260 1973 1455 2024 prosilit?

293 2226 662 2275 CHAEREA.
739 2225 1128 2275 PARMENO.
1198 2226 1355 2275 GNA
1372 2228 1551 2275 ΤΗΟ.

754 2302 1087 2351 THRASO.

792 2434 1045 2473 Cum-tntu.

256 2504 333 2551 975
362 2491 400 2535 D
436 2495 685 2549 populares,
721 2499 864 2551 ecquis
902 2511 971 2537 me
1009 2496 1141 2537 hodie
1169 2500 1271 2537 vixit
1298 2497 1582 2539 fortunatior?

981 2561 1137 2602 Hercle
1458 2565 1509 2603 V.
1538 2571 1576 2610 8.
