1676 2976
219 0 241 30 ἵ
375 1 408 25 -“
717 0 735 35 ἴ
1180 0 1184 7 “
1207 0 1212 3 ’
1480 5 1533 60 ff

603 91 979 133 EVNVCHVS.
1038 86 1043 90 ’
1164 121 1167 125 -
1382 101 1456 150 147

671 194 906 232 prmus.

1249 258 1452 314 Rogitas?

225 324 455 374 Nunquam
497 320 574 374 pol
616 318 835 359 hominem
873 317 1111 358 stultiorem
1144 320 1232 360 vidi
1266 335 1349 362 nec
1384 328 1445 365 vi-

863 381 990 422 debo.
1018 382 1099 432 Ah,

223 452 325 490 Non
358 460 463 503 pote
499 450 596 488 satis
641 448 828 495 narrari,
872 460 980 499 quos
1024 446 1151 506 ludos
1194 449 1442 503 praebueris

846 513 971 550 imus.

117 584 195 631 955
223 578 278 616 At
317 588 358 616 te
394 579 520 616 etiam
556 578 696 628 primo
734 574 934 614 callidum
972 585 1015 614 et
1049 576 1251 616 disertum
1280 581 1444 621 credidi

496 652 500 655 ·
845 637 1073 678 hominem.

226 705 368 758 Quid?
396 704 571 742 illicone
601 703 777 743 credere
807 717 872 751 ea,
901 716 1010 755 quae
1031 704 1133 753 dixi,
1163 709 1354 757 oportuit
1374 709 1443 749 te?

222 770 290 807 An
318 767 568 820 poenitebat
595 766 744 821 flagiti,
774 776 815 805 te
844 776 1018 805 auctore
1046 769 1166 821 quod
1193 770 1363 810 fecisset

222 832 501 881 Adolescens,
538 834 737 869 miserum
763 832 874 882 patri
901 834 946 868 ni
974 832 1149 883 insuper
1177 836 1303 872 etiam
1330 836 1444 875 indi-

848 906 963 931 cares
977 893 993 930 ?

223 961 332 998 Nam
362 959 467 1012 quid
493 957 555 997 illi
584 957 720 996 credis
749 958 879 995 animi
909 966 996 994 tum
1016 957 1160 1008 fuisse,
1188 959 1262 998 ubi
1282 972 1443 1002 vestem

844 1019 953 1057 vidit

114 1087 193 1140 960
218 1086 338 1125 Illam
376 1100 467 1126 esse
511 1099 607 1125 eum
643 1083 855 1122 indutum
871 1083 1024 1135 pater?
1065 1085 1196 1138 quid?
1238 1090 1323 1127 iam
1361 1092 1442 1130 scis

843 1156 886 1186 te
911 1149 1101 1199 perisse?

654 1211 908 1250 Pilumno.

223 1276 371 1325 Ehem,
401 1276 507 1330 quid
526 1275 679 1324 dixisti,
697 1274 921 1326 pes'suma?
949 1288 1003 1313 an
1021 1279 1198 1316 mentita
1218 1278 1289 1318 es?
1316 1281 1445 1320 etiam

841 1338 983 1377 rides?

219 1405 323 1444 Itan'
354 1404 545 1457 lepidum
573 1402 649 1442 tibi
678 1405 813 1442 visum
843 1412 920 1451 est,
947 1402 1100 1452 scelus,
1126 1417 1207 1444 nos
1227 1406 1446 1447 insidere?

656 1469 897 1507 PYTruAs.

1230 1533 1442 1574 Nimium!

650 1596 905 1634 PAR-mano.

217 1660 438 1715 Siquidem
465 1661 572 1698 istuc
598 1660 775 1710 impune
802 1657 1020 1697 habueris!

658 1724 898 1761 Pramus.

910 1787 1084 1825 Verum.

657 1848 912 1888 Pnnuzno.

1055 1913 1251 1953 Reddam
1277 1911 1445 1954 hercle!

658 1977 903 2017 PY‘nnAs.

1280 2043 1447 2088 Credo;

224 2105 297 2143 Set
330 2106 375 2142 in
414 2103 528 2142 diem
565 2105 692 2153 istuc,
729 2106 962 2154 Parmeno,
984 2116 1061 2145 ‘est
1086 2107 1291 2158 fortasse,
1331 2107 1451 2161 quod

848 2172 1033 2210 minare:
1260 2203 1266 2206 -

118 2231 196 2285 965
225 2232 293 2269 Tu
321 2233 404 2268 iam
431 2230 664 2283 pendebis‚
700 2233 848 2283 stulte,
877 2237 950 2287 qui
978 2234 1345 2274 adolescentulum
1370 2248 1452 2275 no-

849 2296 988 2337 bilitas

225 2358 413 2412 Flagitiis
444 2370 486 2398 et
511 2362 623 2412 patri
660 2361 844 2400 indicas:
880 2373 1060 2416 uterque
1098 2363 1292 2416 exempla
1325 2365 1374 2404 in.
1408 2373 1452 2404 te

849 2427 992 2466 edent.

659 2489 913 2530 PAnmnuo.

223 2549 374 2590 Nullus
404 2554 518 2590 sum!

959 2619 999 2658 K
1028 2632 1052 2657 2

964 2804 1010 2852 d!
