1676 2976
0 1278 42 1290 ε.-

5 1273 44 1342 ἓ

4 1347 27 1371 *3

420 597 1158 688 PROLOGVS·

206 880 375 953 Poeta,
402 917 533 958 quom
558 904 743 956 primum
770 906 958 943 animum
985 904 1040 943 ad
1060 903 1190 944 scrib·
1212 925 1216 937 =
1383 944 1409 957 „

861 977 865 980 ⁴
890 967 1015 1021 pulit,

200 1030 252 1070 Id
278 1030 357 1070 sibi
384 1032 534 1084 negoti
562 1030 744 1071 credidit
771 1031 909 1071 solum
937 1031 1045 1081 dari,

199 1094 365 1146 Populo
391 1104 441 1132 ut
464 1093 686 1145 placerent
713 1108 816 1148 quas
845 1095 1022 1137 fecisset.
1042 1093 1226 1135 fabulas:

198 1158 375 1206 Verum,
402 1157 528 1196 aliter
555 1161 727 1197 evenire
754 1158 907 1208 multo,
935 1161 945 1170 ⁶
1058 1153 1153 1214 ‘gite

142 1227 170 1266 5
195 1222 303 1260 Nam
333 1222 378 1260 in
404 1222 597 1276 prologis
626 1222 863 1262 scribundis
892 1237 919 1263 o
1098 1224 1296 1274 abutitur,

196 1286 298 1324 Non
326 1288 399 1338 qui
428 1296 725 1341 argumentum
751 1296 910 1337 narret,
936 1297 1001 1327 set
1026 1289 1101 1342 qui
1126 1288 1327 1329 malevoli

195 1351 364 1389 Veteris
390 1352 550 1402 poetae
577 1351 796 1390 maledicis
824 1351 1100 1404 respondeat.

197 1415 349 1462 Nunc,
377 1426 504 1466 quam
530 1428 621 1455 rem
647 1417 752 1454 vitio
781 1414 900 1465 dent,
928 1429 1104 1468 quaeso,
1131 1418 1318 1457 animum
1345 1417 1421 1457 ad-

886 1482 1055 1520 vortite.

194 1540 437 1580 Menander
461 1540 566 1581 fecit
590 1542 798 1582 Andriam
826 1551 869 1582 et
895 1543 1173 1591 Perinthiam;

124 1618 171 1647 ιο
198 1606 283 1658 Qui
311 1607 512 1644 utramvis
539 1615 656 1645 recte
682 1608 814 1657 norit,
841 1606 984 1646 ambas
1010 1610 1198 1647 noverit:

194 1668 258 1707 Ita
284 1681 375 1707 non
403 1678 501 1708 sunt
528 1669 721 1708 dissimili
749 1681 1023 1725 argumento;
1052 1682 1117 1711 set
1142 1682 1287 1712 tamen

193 1731 399 1771 Dissimili
428 1735 625 1772 oratione
653 1744 752 1772 sunt
779 1734 916 1774 factae
945 1748 994 1774 ac
1021 1735 1133 1775 stilo.

195 1796 318 1849 Quae
346 1807 587 1836 convenere
613 1799 660 1837 in
684 1798 891 1838 Andriam
919 1813 969 1838 ex
994 1798 1224 1852 Perinthia,
1252 1798 1323 1841 hit‘:

193 1859 366 1898 Fatetur
392 1860 652 1901 transtulisse
680 1871 807 1914 atque
833 1877 956 1902 usum
981 1875 1064 1915 pro
1092 1866 1190 1903 suis.

123 1928 169 1967 15
195 1923 246 1961 Id
272 1924 342 1961 isti
367 1924 610 1976 vituperant
634 1924 793 1963 factum
821 1936 947 1979 atque
974 1928 1021 1967 in
1048 1940 1102 1965 eo
1132 1927 1363 1981 disputant,
1408 1949 1411 1951 ·

197 1986 489 2026 Contaminari
513 2000 605 2026 non
633 1988 788 2028 decere
814 1988 992 2028 fabulas.
1367 1984 1370 1986 ’

195 2049 428 2087 Faciuntne
453 2050 737 2104 intelligendo
763 2062 811 2090 ut
836 2051 943 2091 nihil
969 2050 1236 2109 intelligant?

198 2113 305 2165 Qui,
351 2125 445 2150 cum
489 2113 602 2152 hunc
648 2126 868 2164 accusant,
921 2118 1153 2168 Naevium,
1209 2119 1415 2172 Plautum,

888 2180 1074 2220 Ennium

194 2239 421 2289 Accusant,
449 2254 556 2294 quos
583 2239 653 2280 hic
679 2248 826 2283 noster
853 2250 1046 2284 auctores
1074 2244 1220 2293 habet;

118 2315 170 2341 20
198 2304 393 2356 Quorum
421 2304 623 2343 aemulari
653 2316 825 2359 exoptat
850 2307 1155 2364 negligendam

196 2366 340 2405 Potius
369 2381 496 2420 quaxn
521 2370 700 2409 istorum
728 2369 950 2410 obscuram
979 2373 1257 2427 diligentiam.

194 2430 364 2469 Dehinc
389 2441 436 2469 ut
464 2434 683 2484 quiescant
706 2448 859 2487 porro,
883 2449 1060 2485 mone0,
1088 2447 1132 2476 et
1158 2437 1355 2480 desinant

193 2494 471 2543 Maledicere,
498 2495 725 2539 malefacta
745 2511 803 2537 ne
829 2508 1010 2539 noscant
1035 2513 1122 2540 sua.
1162 2521 1196 2565 (ὃ

193 2557 370 2597 Favete!
399 2559 546 2599 adeste
573 2573 711 2614 aequo
740 2564 883 2602 animo
912 2573 954 2602 et
979 2577 1071 2603 rem
1100 2571 1363 2621 cognoscite,
