1676 2976
651 101 921 194 ,agnam
1406 78 1451 143 ὶι
1492 141 1500 156 ,,

222 210 409 264 Negare,
435 207 616 256 saeuum
644 177 903 258 ίῙΥὸμωῑιῑ,
913 206 1095 253 factum:
1125 207 1315 262 denique

125 287 198 313 120
225 274 287 313 Ita
315 284 405 313 tum
433 273 612 319 discedo
643 271 696 311 ab
723 271 817 322 illo,
843 282 892 312 ut
918 274 992 327 qui
1019 286 1066 311 se
1092 270 1221 311 filiam

225 340 367 393 Neget
393 337 602 377 daturum.
1275 337 1277 339 ’

710 401 876 440 Sosu.

586 466 690 505 Non
715 474 762 503 tu
786 463 847 503 ibi
874 463 1145 519 gnatum...?

713 529 858 568 Sum.

1048 594 1118 633 Ne
1144 591 1252 633 haec
1277 593 1454 648 quidem

227 657 335 696 Satis
363 654 591 697 vehemens
620 670 743 696 causa
771 656 829 696 ad
856 655 1182 711 obiurgandum.

707 721 875 760 Sosu.

1188 787 1291 840 Qui,
1317 785 1456 826 cedo?

713 848 861 887 Smo.
1175 854 1179 863 '

226 915 339 952 Tute
365 914 459 964 ipse
487 909 550 950 his
578 910 704 950 rebus
732 911 861 950 finem
887 914 1176 964 praescripsti,
1203 925 1347 966 pater;

227 978 367 1028 Prope
389 975 523 1024 adest,
544 988 675 1028 quom
693 988 815 1014 more
834 974 976 1014 alieno
995 977 1226 1015 vivendum
1247 988 1311 1017 est
1326 977 1451 1018 mihi:

115 1046 198 1087 .125
224 1042 350 1080 Nunc
374 1052 474 1078 meo
502 1052 572 1078 me
598 1041 742 1077 vivere
766 1041 932 1079 interea
957 1040 1109 1090 modo,
1137 1043 1243 1081 sine.

704 1103 877 1142 Sos1A.

227 1168 314 1221 Qui
341 1169 471 1222 igitur
497 1166 669 1206 relictus
700 1177 763 1206 est
791 1167 1048 1222 obiurgandi
1074 1167 1226 1208 locus?

719 1233 864 1271 Suco.

224 1296 268 1333 Si
294 1308 471 1335 uxorem
496 1305 679 1347 propter
705 1310 895 1335 amorem
920 1295 1043 1335 nolet
1071 1296 1244 1346 ducere,

222 1360 283 1399 Ea
310 1362 494 1412 primum
522 1358 575 1398 ab
602 1358 679 1398 illo
709 1359 1090 1399 animadvertunda
1117 1364 1272 1401 iniuria
1301 1371 1384 1410 θεῖς

224 1424 277 1462 Et
302 1437 417 1463 nunc
443 1424 493 1463 id
520 1436 696 1475 operam
725 1423 799 1472 do,
827 1434 876 1463 ut
902 1438 983 1476 per
1008 1425 1133 1465 falsas
1161 1429 1331 1479 nuptias

125 1494 198 1535 130
225 1490 340 1528 Vera
369 1487 627 1541 obiurgandi
656 1501 781 1527 causa
808 1490 876 1538 sit,
904 1490 939 1527 si
968 1489 1177 1544 deneget;

225 1552 373 1602 Simul,
401 1552 629 1592 sceleratus
656 1553 801 1590 Davos
828 1553 864 1590 si
891 1552 997 1605 quid
1026 1554 1179 1594 consili

225 1616 380 1666 Habet,
407 1627 455 1656 ut
484 1626 706 1656 consumat
730 1630 862 1664 nunc,
892 1630 988 1655 cum
1014 1618 1125 1657 nihil
1152 1618 1296 1660 obsint
1324 1620 1438 1667 doli:

227 1683 368 1735 Quem
397 1696 480 1736 ego
509 1682 642 1720 credo
670 1679 864 1719 manibus
892 1680 1075 1733 pedibus
1105 1682 1263 1723 obnixe
1291 1688 1437 1724 omnia

223 1745 463 1794 Facturum,
489 1748 622 1800 magis
651 1745 698 1785 id
725 1745 852 1795 adeo,
879 1745 985 1785 mihi
1011 1757 1060 1787 ut
1084 1749 1398 1798 incommodet,

126 1816 199 1858 ¹35
227 1811 368 1864 Quam
393 1820 442 1849 ut
469 1809 730 1864 obsequatur
757 1820 902 1864 gnato.

714 1875 879 1914 Sosu.

905 1958 914 1963 ¹
954 1939 1260 1992 Quapropter?

720 2003 867 2042 Suro.

1103 2093 1106 2094 ν
1286 2069 1459 2124 Rogas?

228 2128 346 2168 Mala
371 2143 515 2179 mens,
548 2129 683 2168 malus
712 2131 900 2176 animus!
936 2121 1070 2183 quem'
1099 2086 1275 2186 {fidem
1304 2148 1387 2189 ego
1417 2136 1453 2174 si

921 2208 1097 2234 sensero
1107 2226 1119 2235 .
1131 2227 1140 2235 .
1155 2227 1165 2235 .
1178 2227 1188 2235 .

228 2258 303 2296 Set
330 2256 436 2310 quid
464 2269 572 2309 opus
598 2257 765 2297 verbis?
792 2260 858 2298 sin
887 2261 1068 2308 eveniat,
1096 2261 1218 2313 quod
1242 2262 1360 2312 volo,

228 2321 279 2359 In
306 2318 530 2372 Pamphilo
558 2331 605 2359 ut
631 2322 693 2360 nil
724 2325 779 2362 sit
802 2337 965 2372 morae,
991 2334 1122 2364 restat
1149 2325 1371 2376 Chremes,

230 2386 317 2438 Qui
343 2388 402 2423 mi
432 2385 669 2426 exorandus
699 2398 776 2436 est,
805 2398 849 2447 et
874 2402 1002 2440 spero
1032 2389 1225 2429 confore.

130 2454 204 2501 140
230 2451 357 2488 Nunc
385 2460 503 2488 tuum
542 2461 605 2489 est
640 2450 852 2502 officium,
884 2451 958 2491 has
993 2451 1107 2493 bene
1140 2465 1190 2494 ut
1223 2455 1452 2507 adsimules

917 2518 1103 2568 nuptias,

229 2577 553 2619 Perterrefacias
580 2580 763 2631 Davom,
793 2579 991 2622 observes
1018 2581 1167 2634 filium,
