1676 2976
559 97 934 138 EvacHVS.
1339 84 1416 142 133

651 199 844 238 Douvs.

186 259 329 301 Me'am
358 263 448 313 ipse
476 262 636 308 induit;
664 273 764 314 post
789 275 875 300 una
903 260 1028 300 ambo
1061 259 1255 299 abierunt
1281 258 1411 299 foras*-

635 328 864 365 ΡγτιιιΑε.

190 388 277 426 Iam
306 390 405 426 satis
437 389 590 437 credis,
618 388 804 428 sobriam
835 403 925 428 esse
955 399 997 428 et
1022 387 1085 427 nil
1102 401 1171 427 me
1190 389 1413 427 mentitam

622 479 637 491 .
820 451 924 491 tibi?

189 515 278 555 Iam
307 518 405 555 satis
436 527 595 555 certum
626 528 702 566 est,
731 520 917 556 vitiatam
947 530 1038 556 esse
1066 515 1302 570 virginem?

613 583 889 620 pastuum.

487 663 491 666 ·
931 644 1023 698 Age
1048 656 1178 693 nunc,
1206 643 1413 684 beluam.

195 729 247 737 —
277 708 425 746 Credis
456 707 571 757 huic,
600 708 718 762 quod
748 708 879 747 dicit?

635 773 869 811 PYTmAs.

606 834 770 888 Quidni
801 835 999 874 credam?
1026 848 1092 874 res
1120 837 1214 887 ipsa
1240 835 1416 876 indicat.

612 899 890 936 PRAEDRIA.
1116 948 1119 950 -

87 959 163 1004 650
193 961 397 999 Concede
444 963 550 1001 istuc
593 961 833 1013 paululum!
878 986 930 992 —
974 961 1147 999 audin'?
1184 985 1238 993 -
1289 966 1430 1003 etiam-

818 1038 934 1063 nunc
962 1024 1155 1076 paulum!
1176 1049 1230 1056 —
1257 1038 1320 1066 sat
1340 1039 1419 1075 est!

191 1089 375 1128 Dicdum
413 1087 494 1127 hoc
529 1103 691 1128 rursus:
732 1089 963 1130 Chaerean'
1004 1099 1118 1128 tuam
1155 1101 1315 1131 vestem
1343 1093 1419 1132 de-

817 1155 940 1193 traxit
969 1152 1070 1192 tibi?

655 1218 843 1257 Donvs.

189 1279 372 1318 Factum.

615 1345 888 1383 Faunum.

356 1408 411 1446 Et
442 1421 533 1447 eam
564 1419 627 1448 est
654 1408 852 1447 indutus?

614 1493 619 1498 ·
659 1474 847 1512 Donvs.

687 1537 873 1576 Factum.

638 1602 874 1640 Pwrnms.

782 1665 835 1702 Et
854 1678 935 1716 pro
956 1674 997 1703 te
1018 1665 1099 1704 huc
1120 1665 1373 1707 deductust?

663 1730 854 1767 Donvs.

1348 1796 1425 1836 Ita.

618 1855 904 1894 PHAEnnxss

201 1917 363 1970 Iupiter
390 1921 563 1972 magne!
595 1932 622 1957 0
651 1917 875 1957 scelestum
899 1929 943 1958 et
960 1919 1164 1959 audacem
1184 1921 1424 1964 hominem!

643 1982 881 2021 prunis.

1175 2050 1269 2090 Vae
1296 2050 1424 2093 mihi!

207 2109 343 2146 Etiam
372 2123 462 2147 non
490 2109 676 2162 indignis
706 2109 853 2149 credes
881 2124 961 2151 nos
993 2125 1084 2151 esse
1103 2113 1241 2154 irrisas
1260 2117 1430 2157 modis?

626 2174 910 2214 Faunum.

102 2235 178 2279 655
206 2236 389 2284 Mirum,
423 2237 468 2274 ni
507 2246 550 2273 tu
587 2237 747 2286 credis,
784 2239 903 2292 quod
939 2242 1018 2280 iste
1054 2241 1171 2281 dicit.
1203 2265 1257 2275 -—-
1310 2245 1429 2299 Quid

830 2317 967 2357 agam,
994 2307 1155 2344 nescio.
1184 2329 1236 2337 —-

207 2364 339 2411 Heus,
368 2374 527 2417 negato
555 2369 720 2405 rursus!
749 2390 802 2398 —
845 2368 1077 2406 Possumne
1105 2366 1238 2410 hodie
1265 2385 1347 2427 ego
1378 2387 1428 2412 ex

829 2440 871 2469 te
900 2430 1143 2484 exsculpere

206 2491 393 2528 Verum?
421 2491 619 2530 vidistine
647 2493 820 2533 fratrem
849 2493 1110 2536 Chaeream?
