1676 2976
289 462 1358 684 passm
1248 588 1319 644 ,

1391 644 1440 678 ,-

70 796 426 908 Exhibemus
459 806 785 910 &rentii-lm,
829 819 1009 887 studiis
1046 799 1266 904 politum
1307 857 1402 889 no-
1446 820 1484 885 ’.
1505 845 1517 853 ”

65 924 218 984 stris,
257 931 591 984 curatumque
635 933 667 965 a
706 919 817 964 viro
861 914 1258 980 elegantissimo,
1312 919 1403 982 qui

66 1007 314 1064 quantum
347 997 404 1043 in
436 993 537 1043 hoc
570 1008 758 1059 genere
782 1003 1053 1067 praestare
1096 1005 1149 1039 et
1183 995 1404 1058 cupierit

68 1085 120 1119 et
151 1070 328 1120 solitus
361 1067 530 1129 fuerit,
566 1067 761 1117 dudum
794 1069 992 1134 experti
1014 1080 1132 1116 sunt
1154 1069 1404 1137 quicquid

67 1160 143 1196 est
174 1147 440 1194 hominum
472 1142 836 1195 venustiofflm.

199 1222 388 1273 Collati
420 1234 539 1270 sunt
570 1224 625 1268 in
658 1238 806 1269 usum
839 1220 991 1268 huius
1034 1220 1274 1268 editionis
1320 1237 1406 1270 co-

67 1299 207 1348 dices
254 1298 395 1356 MSS.
438 1314 554 1355 sex,
609 1299 748 1362 paris
771 1328 780 1335 -x
795 1289 1177 1366 propemodum
1228 1301 1406 1347 aetatis

67 1390 271 1434 omnes,
309 1390 526 1440 quorum
564 1375 796 1440 quinque
828 1375 1037 1437 integri,
1069 1372 1201 1421 ‘alter
1234 1387 1408 1423 autem
1441 1423 1457 1437 ,Α
1514 1350 1556 1370 G

70 1448 608 1512 Guelferbytanorum,
667 1464 822 1516 quem
868 1452 1205 1514 posteriorem
1254 1467 1407 1512 voce,
1451 1438 1454 1443 ’

71 1543 135 1575 ex
178 1539 325 1592 parte
371 1538 594 1585 tantum,
641 1538 698 1573 ut
741 1527 829 1592 qui
871 1523 977 1572 fide
1018 1525 1157 1572 haud
1201 1542 1410 1592 compa-

71 1603 260 1651 randus
311 1603 572 1650 videretur
620 1618 730 1650 esse
783 1599 951 1660 alteri,
1006 1600 1408 1651 membranaceo
1483 1660 1490 1668 ἦ

72 1677 283 1744 quidem
315 1677 390 1726 illi
425 1684 572 1738 (nam
594 1677 717 1726 alter
741 1676 1095 1739 chartaceus),
1140 1680 1406 1744 rescripto,

70 1754 433 1820 iudicibusque
469 1756 703 1818 Langero
741 1767 791 1801 et
822 1755 1051 1812 Brunsio,
1085 1755 1202 1802 viris
1238 1755 1412 1804 claris·

72 1833 221 1887 simis,
259 1846 423 1877 annos
451 1829 637 1878 abhinc
665 1832 867 1878 circiter
887 1842 1160 1877 sexcentos
1182 1844 1409 1882 exarato.
1414 1817 1549 1883 24¹2

72 1908 299 1971 Inspexit
345 1906 449 1952 duo
496 1905 925 1966 Guelferbytanus
964 1908 1041 1951 vir
1075 1904 1411 1988 ἀοοτίεεὶφιιε,

78 1984 348 2039 Gesenius‚
394 1981 843 2039 Helmstadiensis‚
888 1981 955 2028 de
968 1997 1094 2047 quo
1128 1980 1286 2027 bene
1297 1992 1413 2045 spe-

79 2073 192 2104 rare
226 2057 477 2103 literatarn
512 2056 668 2104 iubeo
697 2036 1082 2120 rempublicam.
1116 2054 1420 2105 Berolinen-.

76 2130 204 2181 sium
250 2145 302 2179 et
344 2131 460 2178 libri
516 2131 959 2187 Helmstadiensis‚
1014 2130 1080 2179 ab
1128 2122 1412 2182 Academia
1433 2139 1447 2156 ¹·

78 2209 206 2256 Iulia
242 2207 523 2254 liberaliter
556 2205 706 2253 nobis
751 2208 1141 2267 communicati,
1182 2212 1412 2275 potiores

80 2285 332 2332 lectiones
366 2287 460 2349 ipsi
496 2285 854 2348 excerpsimus,
890 2285 1062 2349 itaque
1086 2286 1318 2334 instructi
1343 2286 1433 2344 abc

84 2363 305 2408 externis
341 2359 598 2418 subsidiis,
642 2362 724 2405 via
771 2362 966 2417 critica,
1011 2376 1167 2425 quam
1200 2353 1424 2410 munivif

80 2438 156 2484 Ri
178 2436 364 2484 hardus
399 2434 669 2494 Bentleius,
706 2438 856 2481 tutius
880 2437 983 2482 iam
1006 2438 1232 2501 ingressi,
1267 2441 1413 2504 quic-

85 2513 212 2579 quid
254 2512 398 2560 dedit
436 2515 512 2560 vir
552 2511 641 2560 ifle
682 2511 1099 2578 incomparabilis
1141 2513 1412 2563 manifesto

883 2593 970 2635 *2
