1676 2976
432 648 1113 703 PROLOGVS.

216 875 317 941 Ne
345 900 493 952 cuifflsit
520 906 707 936 vostrum
733 897 902 943 mirum,
931 907 1005 932 cur
1030 905 1171 946 partes
1200 899 1292 936 seni

215 965 347 1002 Poeta
376 961 557 1008 dederit,
585 973 694 1012 quae
722 968 819 997 sunt
847 957 1198 1008 adolescentium,

212 1027 261 1065 Id
287 1029 469 1079 primum
499 1024 655 1068 dicam;
687 1021 862 1069 deinde,
891 1021 1010 1074 quod
1037 1025 1150 1071 veni,
1181 1023 1371 1078 eloquar.

210 1091 270 1128 Ex
297 1093 462 1142 integra
490 1100 643 1141 graeca
670 1088 880 1139 integram
910 1086 1182 1125 comoediam

158 1160 184 1199 5
212 1154 354 1192 Hodie
382 1167 473 1191 sum
502 1162 684 1198 acturus,
712 1150 1248 1200 Heautontimorumenon,

212 1217 396 1269 Simplex
423 1229 532 1269 quae
562 1229 611 1254 ex
639 1223 890 1268 argumento
920 1214 1031 1253 facta
1061 1225 1123 1254 est
1153 1215 1326 1267 duplici.

207 1282 371 1319 Novam
399 1293 489 1319 esse
519 1279 703 1328 ostendi,
734 1288 789 1327 et,
818 1291 928 1331 quae
958 1289 1088 1326 esset;
1117 1293 1217 1318 nam
1236 1281 1309 1332 qui
1330 1283 1431 1319 scri-

831 1344 979 1394 pserit,

206 1407 259 1446 Et
287 1409 380 1446 cuia
408 1421 562 1461 graeca
590 1409 657 1454 sit,
686 1407 730 1443 ni
758 1415 924 1457 partem
951 1421 1189 1446 maxumam

206 1472 510 1510 Existumarem
537 1473 645 1510 scire
674 1479 879 1519 vostrum,
907 1470 954 1508 id
983 1471 1193 1510 dicerem:

134 1549 180 1575 10
206 1537 350 1584 Nunc,
389 1533 666 1588 quamobrem
702 1531 774 1573 has
808 1544 949 1585 partes
987 1534 1236 1593 didicerim,
1282 1539 1428 1588 paucis

833 1596 960 1636 dabo.

208 1664 434 1702 Oratorem
464 1675 555 1700 esse
582 1660 718 1699 voluit
743 1673 828 1708 me,
856 1674 946 1698 non
973 1661 1227 1715 prologum;

207 1728 410 1765 Vostrum
438 1726 642 1763 iudicium
672 1725 787 1772 fecit,
816 1739 884 1762 me
915 1722 1102 1771 actorem
1134 1725 1270 1774 dedit,

207 1791 250 1828 Si
277 1788 345 1828 hic
373 1800 492 1828 actor
518 1798 680 1827 tantum
706 1790 867 1839 poterit
895 1802 918 1826 a
944 1787 1159 1836 facundia,

209 1854 425 1906 Quantum
453 1852 524 1890 ille
551 1853 693 1904 potuit
722 1854 910 1904 cogitare
941 1852 1183 1900 commode,

134 1922 181 1961 15
210 1918 295 1970 Qui
325 1919 564 1955 orationem
591 1915 701 1953 hanc
730 1917 912 1966 scripsit,
948 1930 1075 1969 quam
1105 1917 1290 1956 dicturus
1319 1932 1424 1958 sum.

206 1981 313 2017 Nam
342 1980 460 2032 quod
488 1993 679 2018 rumores
709 1979 961 2018 distulerunt
987 1980 1201 2029 malevoli,

206 2043 361 2082 Multas
392 2045 699 2082 contaminasse
730 2043 928 2092 Graecas,
958 2043 1059 2082 dum
1088 2043 1190 2082 facit

205 2109 361 2146 Paucas
389 2108 573 2155 Latinas,
602 2106 758 2144 factum
786 2107 832 2145 id
860 2121 950 2146 esse
978 2105 1047 2146 hic
1073 2121 1164 2146 non
1189 2120 1320 2167 negat

203 2172 354 2223 Neque
383 2185 427 2209 se
454 2173 603 2224 pigere
634 2180 675 2208 et
704 2170 862 2209 deinde
890 2172 1098 2210 facturum
1127 2182 1333 2212 autumat:

125 2248 177 2274 20
204 2234 343 2273 Habet
370 2233 583 2272 bonorum
614 2234 865 2286 exemplum,
894 2250 980 2288 quo
1011 2235 1204 2288 exemplo
1233 2236 1315 2276 sibi

201 2300 351 2337 Licere
378 2299 425 2336 id
451 2298 608 2347 facere,
638 2298 757 2351 quod
785 2298 846 2336 illi
874 2298 1082 2348 Fecerunt,
1109 2311 1243 2352 putat.

200 2361 325 2409 Tum,
355 2363 473 2415 quod
499 2362 731 2401 malevolus
761 2373 877 2401 vetus
906 2366 1038 2415 poeta
1067 2363 1246 2413 dictitat,

197 2425 393 2477 Repente
422 2427 477 2464 ad
504 2426 689 2465 studium
716 2441 761 2465 se
790 2426 1024 2479 adplicasse
1061 2425 1172 2466 hunc
1199 2431 1419 2480 musicum,

197 2487 391 2527 Amicum
420 2492 594 2543 ingenio
623 2491 792 2539 fretum,
819 2489 920 2530 haut
946 2501 1095 2530 natura
1122 2506 1211 2545 sua,

119 2558 170 2597 25
197 2552 427 2592 Arbitrium
454 2564 656 2604 vostrum,
684 2565 827 2595 vostra
855 2558 1135 2606 existumatio,
