<?xml version="1.0" encoding="UTF-8"?>
<!DOCTYPE html PUBLIC "-//W3C//DTD XHTML 1.0 Transitional//EN"
    "http://www.w3.org/TR/xhtml1/DTD/xhtml1-transitional.dtd">
<html xmlns="http://www.w3.org/1999/xhtml" xml:lang="en" lang="en">
 <head>
  <title>
</title>
<meta http-equiv="Content-Type" content="text/html;charset=utf-8" />
  <meta name='ocr-system' content='tesseract 3.04.00' />
  <meta name='ocr-capabilities' content='ocr_page ocr_carea ocr_par ocr_line ocrx_word'/>
</head>
<body>
  <div class='ocr_page' id='page_1' title='image "./comoediae01tereuoft_0103.png"; bbox 0 0 1676 2976; ppageno 0'>
   <div class='ocr_carea' id='block_1_1' title="bbox 574 77 1422 126">
    <p class='ocr_par' dir='ltr' id='par_1_1' title="bbox 574 77 1422 126">
     <span class='ocr_line' id='line_1_1' title="bbox 574 77 1422 126; baseline -0.006 -8"><span class='ocrx_word' id='word_1_1' title='bbox 574 77 948 119; x_wconf 81' lang='lat' dir='ltr'><strong>EVNVCHVS.</strong></span> <span class='ocrx_word' id='word_1_2' title='bbox 1371 81 1422 126; x_wconf 84' lang='lat'>87</span> 
     </span>
    </p>
   </div>
   <div class='ocr_carea' id='block_1_2' title="bbox 78 179 1414 2142">
    <p class='ocr_par' dir='ltr' id='par_1_2' title="bbox 78 179 1414 2142">
     <span class='ocr_line' id='line_1_2' title="bbox 618 179 891 219; baseline 0 -2"><span class='ocrx_word' id='word_1_3' title='bbox 618 179 891 219; x_wconf 68' lang='lat' dir='ltr'>Prummu.</span> 
     </span>
     <span class='ocr_line' id='line_1_3' title="bbox 1155 238 1414 292; baseline -0.008 -13"><span class='ocrx_word' id='word_1_4' title='bbox 1155 241 1270 292; x_wconf 81' lang='lat' dir='ltr'>Bene</span> <span class='ocrx_word' id='word_1_5' title='bbox 1299 238 1414 278; x_wconf 83' lang='lat' dir='ltr'>facis.</span> 
     </span>
     <span class='ocr_line' id='line_1_4' title="bbox 191 303 1185 359; baseline 0 -17"><span class='ocrx_word' id='word_1_6' title='bbox 191 303 277 359; x_wconf 84' lang='lat' dir='ltr'>Rus</span> <span class='ocrx_word' id='word_1_7' title='bbox 307 303 403 348; x_wconf 84' lang='lat' dir='ltr'>ibo:</span> <span class='ocrx_word' id='word_1_8' title='bbox 435 304 498 356; x_wconf 64' lang='lat' dir='ltr'>illi¹</span> <span class='ocrx_word' id='word_1_9' title='bbox 526 305 609 345; x_wconf 91' lang='lat' dir='ltr'>hoc</span> <span class='ocrx_word' id='word_1_10' title='bbox 636 320 704 345; x_wconf 89' lang='lat' dir='ltr'>me</span> <span class='ocrx_word' id='word_1_11' title='bbox 733 305 960 345; x_wconf 80' lang='lat' dir='ltr'>macerabo</span> <span class='ocrx_word' id='word_1_12' title='bbox 988 304 1185 343; x_wconf 86' lang='lat' dir='ltr'><strong>biduum!</strong></span> 
     </span>
     <span class='ocr_line' id='line_1_5' title="bbox 190 366 1293 424; baseline 0 -19"><span class='ocrx_word' id='word_1_13' title='bbox 190 367 253 406; x_wconf 83' lang='lat' dir='ltr'>Ita</span> <span class='ocrx_word' id='word_1_14' title='bbox 280 368 421 406; x_wconf 88' lang='lat' dir='ltr'>facere</span> <span class='ocrx_word' id='word_1_15' title='bbox 451 380 609 408; x_wconf 89' lang='lat' dir='ltr'>certum</span> <span class='ocrx_word' id='word_1_16' title='bbox 642 373 722 409; x_wconf 75' lang='lat' dir='ltr'>est!</span> <span class='ocrx_word' id='word_1_17' title='bbox 752 383 844 409; x_wconf 86' lang='lat' dir='ltr'>mos</span> <span class='ocrx_word' id='word_1_18' title='bbox 873 368 1086 424; x_wconf 87' lang='lat' dir='ltr'>gerundus</span> <span class='ocrx_word' id='word_1_19' title='bbox 1115 366 1293 407; x_wconf 80' lang='lat' dir='ltr'>Thaidi!</span> 
     </span>
     <span class='ocr_line' id='line_1_6' title="bbox 187 431 863 472; baseline 0.003 -2"><span class='ocrx_word' id='word_1_20' title='bbox 187 433 255 470; x_wconf 94' lang='lat' dir='ltr'>Tu</span> <span class='ocrx_word' id='word_1_21' title='bbox 284 431 550 471; x_wconf 82' lang='lat' dir='ltr'>deducantur</span> <span class='ocrx_word' id='word_1_22' title='bbox 575 431 658 472; x_wconf 90' lang='lat' dir='ltr'>huc</span> <span class='ocrx_word' id='word_1_23' title='bbox 686 433 753 472; x_wconf 88' lang='lat' dir='ltr'>fac</span> <span class='ocrx_word' id='word_1_24' title='bbox 780 433 863 472; x_wconf 86' lang='lat' dir='ltr'>illi!</span> 
     </span>
     <span class='ocr_line' id='line_1_7' title="bbox 625 499 909 545; baseline -0.004 -8"><span class='ocrx_word' id='word_1_25' title='bbox 625 499 877 537; x_wconf 65' lang='lat' dir='ltr'>PARmssno.</span> <span class='ocrx_word' id='word_1_26' title='bbox 907 542 909 545; x_wconf 25' lang='lat'><strong><em>¹</em></strong></span> 
     </span>
     <span class='ocr_line' id='line_1_8' title="bbox 904 561 1114 599; baseline -0.01 0"><span class='ocrx_word' id='word_1_27' title='bbox 904 561 1114 599; x_wconf 80' lang='lat' dir='ltr'>Maxume.</span> 
     </span>
     <span class='ocr_line' id='line_1_9' title="bbox 606 624 883 662; baseline -0.004 0"><span class='ocrx_word' id='word_1_28' title='bbox 606 624 883 662; x_wconf 68' lang='lat' dir='ltr'>PnAssnmA.</span> 
     </span>
     <span class='ocr_line' id='line_1_10' title="bbox 88 684 876 736; baseline 0.004 -14"><span class='ocrx_word' id='word_1_29' title='bbox 88 689 158 735; x_wconf 69' lang='lat'>145</span> <span class='ocrx_word' id='word_1_30' title='bbox 186 684 234 723; x_wconf 92' lang='lat' dir='ltr'>In</span> <span class='ocrx_word' id='word_1_31' title='bbox 262 684 344 724; x_wconf 89' lang='lat' dir='ltr'>hoc</span> <span class='ocrx_word' id='word_1_32' title='bbox 373 686 565 736; x_wconf 88' lang='lat' dir='ltr'>biduum,</span> <span class='ocrx_word' id='word_1_33' title='bbox 593 685 736 734; x_wconf 83' lang='lat' dir='ltr'>Thais,</span> <span class='ocrx_word' id='word_1_34' title='bbox 763 685 876 725; x_wconf 79' lang='lat' dir='ltr'>vale!</span> 
     </span>
     <span class='ocr_line' id='line_1_11' title="bbox 655 750 836 788; baseline 0 -1"><span class='ocrx_word' id='word_1_35' title='bbox 655 750 794 788; x_wconf 69' lang='lat' dir='ltr'>TnAx</span> <span class='ocrx_word' id='word_1_36' title='bbox 805 763 836 787; x_wconf 83' lang='lat' dir='ltr'>s.</span> 
     </span>
     <span class='ocr_line' id='line_1_12' title="bbox 900 811 1303 862; baseline -0.007 -10"><span class='ocrx_word' id='word_1_37' title='bbox 900 814 970 862; x_wconf 85' lang='lat' dir='ltr'>At,</span> <span class='ocrx_word' id='word_1_38' title='bbox 997 815 1055 851; x_wconf 89' lang='lat' dir='ltr'>mi</span> <span class='ocrx_word' id='word_1_39' title='bbox 1084 811 1303 861; x_wconf 81' lang='lat' dir='ltr'>Phaedria,</span> 
     </span>
     <span class='ocr_line' id='line_1_13' title="bbox 187 869 831 931; baseline -0.002 -18"><span class='ocrx_word' id='word_1_40' title='bbox 187 876 239 914; x_wconf 89' lang='lat' dir='ltr'>Et</span> <span class='ocrx_word' id='word_1_41' title='bbox 269 879 335 914; x_wconf 82' lang='lat' dir='ltr'>tu!</span> <span class='ocrx_word' id='word_1_42' title='bbox 365 869 574 931; x_wconf 73' lang='lat' dir='ltr'>numquid</span> <span class='ocrx_word' id='word_1_43' title='bbox 600 877 661 913; x_wconf 89' lang='lat' dir='ltr'>vis</span> <span class='ocrx_word' id='word_1_44' title='bbox 691 875 831 913; x_wconf 82' lang='lat' dir='ltr'>aliud?</span> 
     </span>
     <span class='ocr_line' id='line_1_14' title="bbox 594 940 884 979; baseline 0 -1"><span class='ocrx_word' id='word_1_45' title='bbox 594 940 884 979; x_wconf 71' lang='lat' dir='ltr'>PHAEniuA.</span> 
     </span>
     <span class='ocr_line' id='line_1_15' title="bbox 871 1002 1335 1058; baseline -0.006 -15"><span class='ocrx_word' id='word_1_46' title='bbox 871 1005 1021 1058; x_wconf 86' lang='lat' dir='ltr'>Egone</span> <span class='ocrx_word' id='word_1_47' title='bbox 1050 1002 1155 1055; x_wconf 89' lang='lat' dir='ltr'>quid</span> <span class='ocrx_word' id='word_1_48' title='bbox 1181 1002 1335 1041; x_wconf 86' lang='lat' dir='ltr'>velim?</span> 
     </span>
     <span class='ocr_line' id='line_1_16' title="bbox 184 1066 1169 1118; baseline -0.002 -12"><span class='ocrx_word' id='word_1_49' title='bbox 184 1069 291 1106; x_wconf 87' lang='lat' dir='ltr'>Cum</span> <span class='ocrx_word' id='word_1_50' title='bbox 318 1066 453 1105; x_wconf 86' lang='lat' dir='ltr'>milite</span> <span class='ocrx_word' id='word_1_51' title='bbox 480 1068 561 1105; x_wconf 91' lang='lat' dir='ltr'>isto</span> <span class='ocrx_word' id='word_1_52' title='bbox 590 1079 790 1118; x_wconf 79' lang='lat' dir='ltr'><strong>praesens</strong></span> <span class='ocrx_word' id='word_1_53' title='bbox 820 1066 970 1107; x_wconf 82' lang='lat' dir='ltr'>absens</span> <span class='ocrx_word' id='word_1_54' title='bbox 997 1076 1045 1104; x_wconf 91' lang='lat' dir='ltr'>ut</span> <span class='ocrx_word' id='word_1_55' title='bbox 1072 1069 1169 1114; x_wconf 90' lang='lat' dir='ltr'>sies,</span> 
     </span>
     <span class='ocr_line' id='line_1_17' title="bbox 179 1131 1160 1182; baseline -0.001 -13"><span class='ocrx_word' id='word_1_56' title='bbox 179 1132 282 1170; x_wconf 87' lang='lat' dir='ltr'>Dies</span> <span class='ocrx_word' id='word_1_57' title='bbox 311 1140 547 1182; x_wconf 86' lang='lat' dir='ltr'>noctesque</span> <span class='ocrx_word' id='word_1_58' title='bbox 571 1143 643 1168; x_wconf 86' lang='lat' dir='ltr'>me</span> <span class='ocrx_word' id='word_1_59' title='bbox 673 1144 801 1178; x_wconf 89' lang='lat' dir='ltr'>ames,</span> <span class='ocrx_word' id='word_1_60' title='bbox 829 1146 897 1170; x_wconf 87' lang='lat' dir='ltr'>me</span> <span class='ocrx_word' id='word_1_61' title='bbox 928 1131 1160 1177; x_wconf 74' lang='lat' dir='ltr'>desideres,</span> 
     </span>
     <span class='ocr_line' id='line_1_18' title="bbox 178 1195 1230 1248; baseline -0.003 -15"><span class='ocrx_word' id='word_1_62' title='bbox 178 1196 252 1233; x_wconf 91' lang='lat' dir='ltr'>Me</span> <span class='ocrx_word' id='word_1_63' title='bbox 282 1195 482 1241; x_wconf 83' lang='lat' dir='ltr'>somnies,</span> <span class='ocrx_word' id='word_1_64' title='bbox 511 1206 580 1231; x_wconf 92' lang='lat' dir='ltr'>me</span> <span class='ocrx_word' id='word_1_65' title='bbox 610 1204 842 1245; x_wconf 79' lang='lat' dir='ltr'>exspectes,</span> <span class='ocrx_word' id='word_1_66' title='bbox 872 1195 926 1234; x_wconf 92' lang='lat' dir='ltr'>de</span> <span class='ocrx_word' id='word_1_67' title='bbox 954 1209 1023 1234; x_wconf 90' lang='lat' dir='ltr'>me</span> <span class='ocrx_word' id='word_1_68' title='bbox 1054 1196 1230 1248; x_wconf 81' lang='lat' dir='ltr'>cogites,</span> 
     </span>
     <span class='ocr_line' id='line_1_19' title="bbox 81 1257 1251 1310; baseline -0.001 -15"><span class='ocrx_word' id='word_1_69' title='bbox 81 1264 149 1303; x_wconf 82' lang='lat'>150</span> <span class='ocrx_word' id='word_1_70' title='bbox 176 1259 249 1296; x_wconf 85' lang='lat' dir='ltr'>Me</span> <span class='ocrx_word' id='word_1_71' title='bbox 280 1271 438 1310; x_wconf 88' lang='lat' dir='ltr'>speres,</span> <span class='ocrx_word' id='word_1_72' title='bbox 467 1270 535 1296; x_wconf 88' lang='lat' dir='ltr'>me</span> <span class='ocrx_word' id='word_1_73' title='bbox 564 1267 606 1296; x_wconf 90' lang='lat' dir='ltr'>te</span> <span class='ocrx_word' id='word_1_74' title='bbox 635 1257 841 1307; x_wconf 89' lang='lat' dir='ltr'>oblectes,</span> <span class='ocrx_word' id='word_1_75' title='bbox 868 1273 1035 1298; x_wconf 87' lang='lat' dir='ltr'>mecum</span> <span class='ocrx_word' id='word_1_76' title='bbox 1065 1269 1155 1297; x_wconf 81' lang='lat' dir='ltr'>tota</span> <span class='ocrx_word' id='word_1_77' title='bbox 1181 1259 1251 1303; x_wconf 87' lang='lat' dir='ltr'>sis,</span> 
     </span>
     <span class='ocr_line' id='line_1_20' title="bbox 173 1321 1397 1377; baseline -0.004 -17"><span class='ocrx_word' id='word_1_78' title='bbox 173 1323 273 1360; x_wconf 89' lang='lat' dir='ltr'>Mea</span> <span class='ocrx_word' id='word_1_79' title='bbox 310 1321 377 1359; x_wconf 82' lang='lat' dir='ltr'>fac</span> <span class='ocrx_word' id='word_1_80' title='bbox 412 1324 466 1360; x_wconf 88' lang='lat' dir='ltr'>sis</span> <span class='ocrx_word' id='word_1_81' title='bbox 503 1331 723 1373; x_wconf 88' lang='lat' dir='ltr'>postremo</span> <span class='ocrx_word' id='word_1_82' title='bbox 763 1325 925 1372; x_wconf 88' lang='lat' dir='ltr'>omnis,</span> <span class='ocrx_word' id='word_1_83' title='bbox 977 1324 1149 1377; x_wconf 83' lang='lat' dir='ltr'>quando</span> <span class='ocrx_word' id='word_1_84' title='bbox 1191 1334 1271 1374; x_wconf 85' lang='lat' dir='ltr'>ego</span> <span class='ocrx_word' id='word_1_85' title='bbox 1308 1333 1397 1357; x_wconf 85' lang='lat' dir='ltr'>sum</span> 
     </span>
     <span class='ocr_line' id='line_1_21' title="bbox 802 1389 919 1425; baseline 0.009 -1"><span class='ocrx_word' id='word_1_86' title='bbox 802 1389 919 1425; x_wconf 82' lang='lat' dir='ltr'>tuus!</span> 
     </span>
     <span class='ocr_line' id='line_1_22' title="bbox 646 1450 824 1488; baseline 0.006 -1"><span class='ocrx_word' id='word_1_87' title='bbox 646 1450 824 1488; x_wconf 64' lang='lat' dir='ltr'>Titus.</span> 
     </span>
     <span class='ocr_line' id='line_1_23' title="bbox 173 1511 1397 1565; baseline 0 -14"><span class='ocrx_word' id='word_1_88' title='bbox 173 1515 247 1551; x_wconf 80' lang='lat' dir='ltr'>Me</span> <span class='ocrx_word' id='word_1_89' title='bbox 274 1514 494 1551; x_wconf 87' lang='lat' dir='ltr'>miseram!</span> <span class='ocrx_word' id='word_1_90' title='bbox 523 1511 669 1552; x_wconf 87' lang='lat' dir='ltr'>forsan</span> <span class='ocrx_word' id='word_1_91' title='bbox 695 1527 867 1565; x_wconf 89' lang='lat' dir='ltr'>parvam</span> <span class='ocrx_word' id='word_1_92' title='bbox 894 1515 952 1551; x_wconf 91' lang='lat' dir='ltr'>mi</span> <span class='ocrx_word' id='word_1_93' title='bbox 979 1513 1134 1552; x_wconf 86' lang='lat' dir='ltr'>habeat</span> <span class='ocrx_word' id='word_1_94' title='bbox 1160 1512 1227 1551; x_wconf 88' lang='lat' dir='ltr'>hic</span> <span class='ocrx_word' id='word_1_95' title='bbox 1254 1512 1397 1560; x_wconf 83' lang='lat' dir='ltr'>fidem,</span> 
     </span>
     <span class='ocr_line' id='line_1_24' title="bbox 173 1576 1246 1632; baseline 0.001 -18"><span class='ocrx_word' id='word_1_96' title='bbox 173 1578 313 1629; x_wconf 83' lang='lat' dir='ltr'>Atque</span> <span class='ocrx_word' id='word_1_97' title='bbox 342 1576 516 1615; x_wconf 88' lang='lat' dir='ltr'>aliarum</span> <span class='ocrx_word' id='word_1_98' title='bbox 546 1591 596 1617; x_wconf 89' lang='lat' dir='ltr'>ex</span> <span class='ocrx_word' id='word_1_99' title='bbox 622 1580 804 1632; x_wconf 86' lang='lat' dir='ltr'>ingeniis</span> <span class='ocrx_word' id='word_1_100' title='bbox 833 1591 948 1616; x_wconf 86' lang='lat' dir='ltr'>nunc</span> <span class='ocrx_word' id='word_1_101' title='bbox 976 1591 1044 1616; x_wconf 87' lang='lat' dir='ltr'>me</span> <span class='ocrx_word' id='word_1_102' title='bbox 1074 1578 1246 1616; x_wconf 86' lang='lat' dir='ltr'>iudicet.</span> 
     </span>
     <span class='ocr_line' id='line_1_25' title="bbox 173 1640 1395 1694; baseline 0.001 -15"><span class='ocrx_word' id='word_1_103' title='bbox 173 1641 265 1694; x_wconf 85' lang='lat' dir='ltr'>Ego</span> <span class='ocrx_word' id='word_1_104' title='bbox 293 1640 384 1692; x_wconf 89' lang='lat' dir='ltr'>pol,</span> <span class='ocrx_word' id='word_1_105' title='bbox 413 1655 523 1694; x_wconf 89' lang='lat' dir='ltr'>quae</span> <span class='ocrx_word' id='word_1_106' title='bbox 550 1640 654 1679; x_wconf 82' lang='lat' dir='ltr'>mihi</span> <span class='ocrx_word' id='word_1_107' title='bbox 683 1656 775 1680; x_wconf 90' lang='lat' dir='ltr'>sum</span> <span class='ocrx_word' id='word_1_108' title='bbox 805 1644 990 1690; x_wconf 88' lang='lat' dir='ltr'>conscia,</span> <span class='ocrx_word' id='word_1_109' title='bbox 1030 1640 1113 1680; x_wconf 92' lang='lat' dir='ltr'>hoc</span> <span class='ocrx_word' id='word_1_110' title='bbox 1143 1653 1259 1680; x_wconf 87' lang='lat' dir='ltr'>certo</span> <span class='ocrx_word' id='word_1_111' title='bbox 1290 1643 1395 1689; x_wconf 89' lang='lat' dir='ltr'>scio,</span> 
     </span>
     <span class='ocr_line' id='line_1_26' title="bbox 78 1705 1314 1759; baseline 0.002 -18"><span class='ocrx_word' id='word_1_112' title='bbox 78 1709 148 1749; x_wconf 83' lang='lat'>155</span> <span class='ocrx_word' id='word_1_113' title='bbox 175 1705 326 1756; x_wconf 88' lang='lat' dir='ltr'>Neque</span> <span class='ocrx_word' id='word_1_114' title='bbox 354 1719 424 1744; x_wconf 88' lang='lat' dir='ltr'>me</span> <span class='ocrx_word' id='word_1_115' title='bbox 453 1705 619 1745; x_wconf 84' lang='lat' dir='ltr'>finxisse</span> <span class='ocrx_word' id='word_1_116' title='bbox 648 1705 742 1744; x_wconf 91' lang='lat' dir='ltr'>falsi</span> <span class='ocrx_word' id='word_1_117' title='bbox 772 1706 1019 1759; x_wconf 86' lang='lat' dir='ltr'>quidquam,</span> <span class='ocrx_word' id='word_1_118' title='bbox 1046 1720 1188 1758; x_wconf 86' lang='lat' dir='ltr'>neque</span> <span class='ocrx_word' id='word_1_119' title='bbox 1216 1719 1314 1744; x_wconf 89' lang='lat' dir='ltr'>meo</span> 
     </span>
     <span class='ocr_line' id='line_1_27' title="bbox 175 1767 1301 1823; baseline 0.002 -17"><span class='ocrx_word' id='word_1_120' title='bbox 175 1767 307 1806; x_wconf 80' lang='lat' dir='ltr'>Cordi</span> <span class='ocrx_word' id='word_1_121' title='bbox 338 1782 428 1807; x_wconf 86' lang='lat' dir='ltr'>esse</span> <span class='ocrx_word' id='word_1_122' title='bbox 457 1783 697 1823; x_wconf 90' lang='lat' dir='ltr'>quenquam</span> <span class='ocrx_word' id='word_1_123' title='bbox 727 1773 935 1809; x_wconf 89' lang='lat' dir='ltr'>cariorem</span> <span class='ocrx_word' id='word_1_124' title='bbox 962 1768 1044 1807; x_wconf 89' lang='lat' dir='ltr'>hoc</span> <span class='ocrx_word' id='word_1_125' title='bbox 1073 1768 1301 1815; x_wconf 83' lang='lat' dir='ltr'>Phaedria;</span> 
     </span>
     <span class='ocr_line' id='line_1_28' title="bbox 174 1831 1089 1888; baseline 0.003 -20"><span class='ocrx_word' id='word_1_126' title='bbox 174 1831 225 1868; x_wconf 88' lang='lat' dir='ltr'>Et</span> <span class='ocrx_word' id='word_1_127' title='bbox 254 1832 463 1884; x_wconf 85' lang='lat' dir='ltr'>quidquid</span> <span class='ocrx_word' id='word_1_128' title='bbox 490 1832 610 1873; x_wconf 90' lang='lat' dir='ltr'>huius</span> <span class='ocrx_word' id='word_1_129' title='bbox 638 1834 737 1882; x_wconf 85' lang='lat' dir='ltr'>feci,</span> <span class='ocrx_word' id='word_1_130' title='bbox 767 1848 889 1873; x_wconf 86' lang='lat' dir='ltr'>causa</span> <span class='ocrx_word' id='word_1_131' title='bbox 917 1835 1089 1888; x_wconf 86' lang='lat' dir='ltr'>virginis</span> 
     </span>
     <span class='ocr_line' id='line_1_29' title="bbox 175 1895 1341 1950; baseline 0.001 -18"><span class='ocrx_word' id='word_1_132' title='bbox 175 1895 295 1933; x_wconf 88' lang='lat' dir='ltr'>Feci:</span> <span class='ocrx_word' id='word_1_133' title='bbox 326 1909 423 1933; x_wconf 89' lang='lat' dir='ltr'>nam</span> <span class='ocrx_word' id='word_1_134' title='bbox 452 1911 520 1935; x_wconf 87' lang='lat' dir='ltr'>me</span> <span class='ocrx_word' id='word_1_135' title='bbox 550 1900 638 1936; x_wconf 89' lang='lat' dir='ltr'>eius</span> <span class='ocrx_word' id='word_1_136' title='bbox 667 1897 840 1937; x_wconf 83' lang='lat' dir='ltr'>fratrem</span> <span class='ocrx_word' id='word_1_137' title='bbox 868 1912 995 1950; x_wconf 89' lang='lat' dir='ltr'>spero</span> <span class='ocrx_word' id='word_1_138' title='bbox 1023 1896 1341 1949; x_wconf 88' lang='lat' dir='ltr'>propemodum</span> 
     </span>
     <span class='ocr_line' id='line_1_30' title="bbox 176 1959 1335 2010; baseline 0.001 -13"><span class='ocrx_word' id='word_1_139' title='bbox 176 1959 263 1997; x_wconf 88' lang='lat' dir='ltr'>Iam</span> <span class='ocrx_word' id='word_1_140' title='bbox 291 1962 544 2010; x_wconf 87' lang='lat' dir='ltr'>repperisse,</span> <span class='ocrx_word' id='word_1_141' title='bbox 573 1961 892 2001; x_wconf 89' lang='lat' dir='ltr'>adolescentem</span> <span class='ocrx_word' id='word_1_142' title='bbox 920 1961 1030 1999; x_wconf 88' lang='lat' dir='ltr'>adeo</span> <span class='ocrx_word' id='word_1_143' title='bbox 1058 1960 1274 2009; x_wconf 49' lang='lat' dir='ltr'>nobilem,⁴</span> <span class='ocrx_word' id='word_1_144' title='bbox 1293 1970 1335 1999; x_wconf 87' lang='lat' dir='ltr'>et</span> 
     </span>
     <span class='ocr_line' id='line_1_31' title="bbox 79 2023 1336 2064; baseline -0.001 -2"><span class='ocrx_word' id='word_1_145' title='bbox 79 2023 147 2062; x_wconf 73' lang='lat'>[60</span> <span class='ocrx_word' id='word_1_146' title='bbox 176 2024 211 2061; x_wconf 86' lang='lat' dir='ltr'>Is</span> <span class='ocrx_word' id='word_1_147' title='bbox 243 2038 286 2062; x_wconf 86' lang='lat' dir='ltr'>se</span> <span class='ocrx_word' id='word_1_148' title='bbox 316 2023 447 2063; x_wconf 88' lang='lat' dir='ltr'>hodie</span> <span class='ocrx_word' id='word_1_149' title='bbox 474 2035 697 2063; x_wconf 88' lang='lat' dir='ltr'>venturum</span> <span class='ocrx_word' id='word_1_150' title='bbox 726 2026 780 2064; x_wconf 90' lang='lat' dir='ltr'>ad</span> <span class='ocrx_word' id='word_1_151' title='bbox 806 2039 876 2064; x_wconf 87' lang='lat' dir='ltr'>me</span> <span class='ocrx_word' id='word_1_152' title='bbox 906 2026 1122 2063; x_wconf 88' lang='lat' dir='ltr'>constituit</span> <span class='ocrx_word' id='word_1_153' title='bbox 1151 2025 1336 2062; x_wconf 73' lang='lat' dir='ltr'>domiun.</span> 
     </span>
     <span class='ocr_line' id='line_1_32' title="bbox 176 2086 1391 2142; baseline 0 -16"><span class='ocrx_word' id='word_1_154' title='bbox 176 2086 423 2126; x_wconf 87' lang='lat' dir='ltr'>Concedam</span> <span class='ocrx_word' id='word_1_155' title='bbox 451 2086 549 2126; x_wconf 89' lang='lat' dir='ltr'>hinc</span> <span class='ocrx_word' id='word_1_156' title='bbox 576 2091 690 2128; x_wconf 87' lang='lat' dir='ltr'>intro</span> <span class='ocrx_word' id='word_1_157' title='bbox 719 2099 845 2142; x_wconf 85' lang='lat' dir='ltr'>atque</span> <span class='ocrx_word' id='word_1_158' title='bbox 867 2088 1115 2141; x_wconf 86' lang='lat' dir='ltr'>expectabo,</span> <span class='ocrx_word' id='word_1_159' title='bbox 1144 2089 1245 2128; x_wconf 86' lang='lat' dir='ltr'>dum</span> <span class='ocrx_word' id='word_1_160' title='bbox 1261 2092 1391 2128; x_wconf 86' lang='lat' dir='ltr'>venit.</span> 
     </span>
    </p>
   </div>
   <div class='ocr_carea' id='block_1_3' title="bbox 493 2230 966 2250">
    <p class='ocr_par' dir='ltr' id='par_1_3' title="bbox 493 2230 966 2250">
     <span class='ocr_line' id='line_1_33' title="bbox 493 2230 966 2250; baseline 0 726"><span class='ocrx_word' id='word_1_161' title='bbox 493 2230 966 2250; x_wconf 95' lang='lat' dir='ltr'> </span> 
     </span>
    </p>
   </div>
   <div class='ocr_carea' id='block_1_4' title="bbox 290 2324 1160 2391">
    <p class='ocr_par' dir='ltr' id='par_1_4' title="bbox 290 2324 1160 2391">
     <span class='ocr_line' id='line_1_34' title="bbox 290 2324 1160 2391; baseline 0.002 -4"><span class='ocrx_word' id='word_1_162' title='bbox 290 2340 706 2391; x_wconf 86' lang='lat' dir='ltr'><strong>PHAEDRIA.</strong></span> <span class='ocrx_word' id='word_1_163' title='bbox 772 2324 1160 2390; x_wconf 74' lang='lat' dir='ltr'><strong>PARMENO.</strong></span> 
     </span>
    </p>
   </div>
   <div class='ocr_carea' id='block_1_5' title="bbox 165 2474 960 2585">
    <p class='ocr_par' dir='ltr' id='par_1_5' title="bbox 165 2474 960 2585">
     <span class='ocr_line' id='line_1_35' title="bbox 588 2474 863 2512; baseline 0 -1"><span class='ocrx_word' id='word_1_164' title='bbox 588 2474 863 2512; x_wconf 58' lang='lat' dir='ltr'>Pastum.</span> 
     </span>
     <span class='ocr_line' id='line_1_36' title="bbox 165 2537 960 2585; baseline 0.003 -11"><span class='ocrx_word' id='word_1_165' title='bbox 165 2537 260 2585; x_wconf 81' lang='lat' dir='ltr'>Fac,</span> <span class='ocrx_word' id='word_1_166' title='bbox 289 2539 347 2576; x_wconf 84' lang='lat' dir='ltr'>ita</span> <span class='ocrx_word' id='word_1_167' title='bbox 373 2546 419 2575; x_wconf 93' lang='lat' dir='ltr'>ut</span> <span class='ocrx_word' id='word_1_168' title='bbox 446 2538 559 2585; x_wconf 85' lang='lat' dir='ltr'>iussi,</span> <span class='ocrx_word' id='word_1_169' title='bbox 589 2537 853 2576; x_wconf 88' lang='lat' dir='ltr'>deducantur</span> <span class='ocrx_word' id='word_1_170' title='bbox 879 2540 960 2577; x_wconf 81' lang='lat' dir='ltr'>isti.</span> 
     </span>
    </p>
   </div>
  </div>
 </body>
</html>
