1676 2976
123 0 288 19 ”ww
345 0 355 3 ⁷
492 6 523 34 ἓ..
776 0 796 11 ν’·
1062 0 1132 21 5¹⁴

607 111 906 154 ADELPHI.
1344 118 1418 165 257

186 219 317 256 Perii!
349 240 399 248 -
428 214 587 270 quare?

675 278 824 316 Gan.

495 345 647 382 Amare
677 343 846 393 occepit
874 340 1077 380 aliam...-

606 406 890 444 Sos‘rnArA.

957 469 1049 507 Vae
1077 468 1260 506 miserae
1287 465 1412 507 mihi!

753 543 826 570 TA.

187 599 338 651 Neque
376 598 422 637 id
464 595 632 637 occulte
669 532 773 634 ξτεῑε
821 593 873 633 ab
911 594 1071 634 lenone
1105 596 1220 647 ipsus
1260 596 1416 648 eripuit

493 660 496 663 ’
809 658 964 711 palam.

607 724 892 762 SosrnATA.

190 791 320 829 Satin'
352 788 433 828 hoc
463 797 623 827 certum
653 787 740 826 est?

677 851 828 889 GETA.

341 918 535 957 Certum:
571 915 687 954 hisce
716 914 849 953 oculis
881 923 1052 967 egomet
1079 913 1182 962 vidi,
1212 913 1413 954 Sostrata.

610 980 893 1017 Son-RATA.

1331 1042 1414 1091 Ah,

185 1109 260 1148 Me
287 1109 506 1148 miseram!
546 1107 651 1161 qujd
686 1108 770 1144 iam
805 1105 976 1154 credas,
1024 1115 1096 1165 aut
1133 1106 1199 1143 cui
1239 1106 1415 1167 eredas?

812 1179 1062 1208 nostrumne
1089 1167 1360 1221 Aeschinum,

81 1242 158 1282 305
186 1238 389 1275 Nostrum
428 1238 619 1274 omnium
653 1236 700 1272 in
737 1247 822 1287 quo
851 1235 962 1271 vitae
990 1246 1086 1284 spes
1117 1245 1308 1286 opesque
1334 1247 1415 1273 no-

813 1306 923 1335 strae
955 1309 1104 1335 omnes
1134 1298 1254 1344 sitae,

185 1363 271 1415 Qui
298 1375 343 1401 se
372 1365 464 1402 sine
494 1361 573 1401 hac
601 1359 767 1400 iurabat
794 1374 927 1399 unum
955 1373 1178 1413 nunquam
1206 1363 1414 1400 victurum

812 1425 981 1482 djemfgh
1328 1429 1330 1431 ’

186 1489 271 1541 Qui
309 1490 420 1527 senis
458 1490 502 1527 in
541 1491 704 1542 gremio
733 1491 797 1527 sui
824 1490 1064 1540 positurum
1088 1501 1270 1541 puerum
1299 1489 1415 1529 dice-

812 1552 886 1591 bat
917 1555 1065 1603 patris,

183 1615 245 1654 Ita
275 1615 620 1665 obsecraturum,
647 1626 695 1655 ut
720 1616 891 1664 liceret,
920 1614 1030 1655 hanc
1058 1629 1103 1654 se
1130 1628 1307 1654 uxorem
1337 1616 1414 1656 du·

811 1679 935 1718 cere?

675 1742 828 1781 Gau.

185 1806 321 1853 Hera,
358 1805 563 1845 lacrumas
600 1808 721 1844 mitte
762 1820 810 1845 ac
845 1808 1012 1858 potius,
1057 1807 1177 1859 quod
1213 1808 1268 1847 ad
1302 1805 1412 1849 hanc

694 1884 784 1908 rem
814 1884 920 1922 opus
952 1880 1014 1909 est
1040 1884 1190 1922 porro,
1220 1872 1411 1923 consule,

78 1939 157 1979 310
184 1933 395 1972 patiamur
422 1947 476 1973 an
504 1947 720 1972 narremus
751 1937 946 1986 cuipiam.

599 2000 892 2038 CANTHARA.
1443 2050 1446 2052 Ι

691 2063 771 2109 Au,
800 2077 867 2110 au,
895 2065 954 2100 mi
982 2062 1129 2111 homo,
1157 2064 1305 2102 sanun'
1338 2063 1410 2103 es?

183 2126 251 2164 An
277 2124 589 2177 proferendum
618 2125 702 2163 hoc
731 2126 807 2164 thi
834 2127 1004 2165 videtur
1030 2126 1235 2180 usquam?

675 2188 826 2228 GE'rA.

789 2252 898 2291 Mihi
926 2254 1101 2307 quidem
1126 2267 1219 2293 non
1242 2253 1405 2306 placet:

184 2316 294 2353 Nam
328 2317 536 2366 primum,
575 2318 719 2354 animo
756 2316 877 2354 illum
914 2317 1055 2357 alieno
1095 2333 1118 2357 a
1145 2318 1270 2358 nobis
1300 2333 1431 2370 esse„

810 2394 876 2419 res
905 2383 997 2432 ipsa
1025 2382 1207 2428 indicam
1417 2368 1434 2380 ’Ἥ

181 2441 308 2483 Nunc
337 2444 371 2481 si
400 2441 483 2481 hoc
511 2442 652 2495 palam
686 2443 967 2495 proferimus,
1003 2446 1075 2486 ille
1112 2446 1271 2486 inficias
1310 2446 1404 2497 ibit,

807 2517 869 2546 sat
896 2511 1004 2548 selo:

914 2572 951 2611 R
