1676 2976
370 661 1052 721 PROLOGVS.

158 889 221 956 Si
253 917 475 968 quisquam
505 922 582 962 est,
612 913 684 965 qui
711 910 885 963 placere
914 925 960 950 se
989 911 1157 950 studeat
1184 910 1308 952 bonis

157 981 297 1032 Quam
324 978 531 1031 plurimis,
560 985 602 1015 et
628 977 816 1013 minume
844 974 999 1013 multos
1029 974 1219 1024 laedere,

156 1043 206 1081 In
236 1043 297 1081 his
325 1045 456 1094 poeta
484 1040 553 1078 hic
579 1052 740 1078 nomen
766 1037 992 1090 profitetur
1019 1052 1163 1084 suum;

157 1109 323 1146 Tamen
352 1109 385 1145 si
415 1107 506 1158 quis
538 1107 614 1151 est,
643 1104 715 1155 qui
743 1103 788 1138 in
816 1115 861 1139 se
891 1102 1051 1140 dictum
1078 1098 1378 1142 inclementius

103 1177 130 1217 5
156 1172 411 1209 Existimarit
439 1182 544 1217 esse,
572 1169 631 1206 sic
661 1167 885 1204 existimet:

154 1235 439 1285 Responsum,
467 1245 558 1271 non
587 1230 762 1278 dictum,
793 1243 906 1268 esse:
937 1231 1036 1281 quia
1058 1227 1187 1269 ‚laesit
1212 1232 1347 1282 prior.

158 1298 243 1351 Qui
272 1296 382 1335 bene
411 1294 621 1334 vertundo
653 1303 695 1332 et
723 1293 874 1332 eadem
903 1291 1134 1331 scribundo
1164 1293 1290 1343 male,
1321 1308 1371 1332 ex

155 1362 332 1401 Graecis
362 1358 484 1397 bonis
513 1359 679 1395 Latinas
708 1356 811 1395 fecit
837 1370 928 1395 non
957 1356 1111 1395 bonas:

156 1424 263 1463 Item
292 1434 338 1462 ut
364 1421 592 1461 Menandri
622 1419 796 1459 Phasma
823 1435 961 1472 nuper
987 1421 1197 1472 perdidit;

86 1502 131 1527 ιο
156 1489 296 1540 Atque
324 1490 370 1525 in
397 1483 615 1524 Thesauro
645 1486 825 1536 scripsit,
856 1498 1022 1536 causam
1051 1484 1196 1523 dicere

161 1553 294 1599 Prius,
322 1550 438 1588 unde
466 1551 639 1600 petitur,
669 1561 815 1586 aurum
846 1561 977 1600 quare
1006 1550 1059 1586 sit
1087 1562 1223 1597 suum,

162 1617 300 1669 Quam
328 1613 473 1661 illunc,
502 1614 574 1665 qui
601 1613 724 1664 petit,
753 1612 869 1650 unde
898 1615 933 1651 is
963 1615 1016 1652 sit
1045 1611 1259 1651 thesaurus
1288 1611 1382 1660 sibi,

786 1685 857 1712 aut

161 1741 288 1780 Vnde
316 1743 361 1779 in
388 1749 711 1779 monumentum
739 1740 923 1790 patrium
950 1739 1206 1790 pervenerit.

161 1802 342 1852 Dehinc,
369 1818 424 1843 ne
453 1803 675 1842 frustretur
700 1804 792 1852 ipse
821 1815 880 1849 se,
911 1811 981 1839 aut
1009 1804 1068 1839 sic
1099 1804 1277 1854 cogitet:

91 1874 138 1911 15
163 1867 398 1906 Defunctus
428 1870 511 1906 iam
540 1881 652 1905 sum:
681 1863 789 1903 nihil
819 1874 880 1903 est
909 1865 1029 1916 quod
1058 1865 1172 1903 dicat
1198 1864 1321 1906 mihi:

164 1930 201 1968 Is
229 1944 285 1968 ne
314 1940 438 1979 erret,
466 1943 641 1978 moneo,
672 1938 714 1967 et
743 1927 908 1966 desinat
934 1927 1167 1966 lacessere:

167 1993 316 2032 Habeo
347 1993 428 2032 alia
454 1993 598 2041 multa,
626 2004 741 2030 nunc
769 2004 879 2043 quae
908 1990 1238 2041 condonabitur,

167 2059 288 2109 Quae
316 2058 589 2108 proferentur
614 2065 727 2108 post,
757 2057 789 2093 si
819 2064 970 2107 perget
995 2053 1169 2093 laedere

165 2121 242 2168 Ita,
269 2131 316 2158 ut
344 2120 483 2159 facere
512 2122 703 2158 instituit.
761 2119 900 2170 Quam
927 2131 1041 2156 nunc
1070 2120 1201 2157 acturi
1229 2133 1386 2169 sumus,

89 2198 138 2223 20
165 2185 393 2222 Menandri
421 2181 668 2221 Eunuchum
695 2191 924 2233 postquam
950 2182 1123 2220 Aediles
1154 2194 1349 2222 emerunt

164 2249 450 2301 Magistratus,
481 2262 574 2286 cum
601 2246 660 2284 ibi
690 2246 870 2294 adesset,
900 2259 994 2283 cum
1023 2256 1202 2298 occepta
1221 2256 1283 2286 est
1302 2250 1386 2301 agi,

166 2311 362 2359 Perfecit,
391 2310 471 2348 sibi
498 2321 545 2349 ut
571 2308 830 2362 inspiciundi
860 2319 969 2347 esset
997 2311 1133 2361 copia.

165 2375 394 2422 Exclamat,
422 2374 574 2423 Furem,
601 2387 693 2413 non
722 2375 912 2424 poetam,
939 2371 1126 2411 Fabulam

165 2439 362 2486 Dedisse,
394 2448 435 2476 et
462 2437 523 2476 nil
553 2437 721 2477 dedisse
750 2435 979 2475 verborum
1010 2446 1173 2475 tamen:

87 2509 138 2548 25
166 2502 368 2542 Colacem
399 2516 488 2541 esse
515 2503 650 2540 Naevi
679 2512 750 2540 aut
777 2501 910 2540 Plauti
937 2510 1125 2539 veterem
1152 2499 1357 2540 fabulam:

167 2567 338 2605 Parasiti
366 2579 594 2618 personam
622 2565 724 2605 inde
753 2565 934 2604 ablatam
963 2575 1004 2603 et
1030 2564 1187 2603 militis.

327 2715 342 2735 0
