1676 2976
611 102 916 146 ADELPHI.
1350 103 1428 151 ²45

606 205 915 250 Ansenuvs.

406 269 490 309 Nil.

648 333 857 373 Sumo.

507 397 652 452 Quid?
678 396 851 443 nostin'‚
880 394 954 448 qui
980 393 1088 434 sim?

601 462 908 500 Anscmuvs.

1078 521 1176 559 Non
1205 517 1417 558 desidero.

658 587 866 625 SAnnlo.

196 653 382 705 Tetigin‘
414 653 475 690 tui
500 645 762 705 quidquam?

603 716 909 752 Anscmnvs.

633 777 676 814 Si
706 778 929 829 attigisses,
957 774 1090 813 ferres
1119 773 1415 812 infortunium.

646 840 858 878 Smmo.

195 906 280 958 Qui
309 904 389 943 tibi
415 906 549 958 magis
577 903 693 953 licet,
720 917 858 942 meam
886 900 1067 949 habere,
1103 914 1184 953 pro
1220 913 1303 953 qua
1332 912 1413 954 ego

816 975 1040 1019 argentum
1068 964 1201 1003 dedi?

192 1030 446 1082 Responde!

599 1094 904 1132 Aescnmvs.

469 1157 580 1195 Ante
609 1156 735 1195 aedes
763 1169 849 1194 non
883 1155 1032 1193 fecisse
1062 1155 1140 1192 erit
1167 1153 1315 1192 melius
1344 1152 1414 1192 hic

817 1220 1081 1256 convicium:

95 1290 165 1331 155
190 1287 301 1324 Nam
329 1286 363 1322 si
390 1283 591 1323 molestus
619 1284 761 1336 pergis
792 1295 908 1329 esse,
945 1284 1029 1320 iam
1056 1283 1170 1320 intro
1199 1280 1411 1333 abripiere

811 1355 937 1398 atque
965 1346 1026 1384 ibi

188 1412 333 1464 Vsque
362 1411 418 1450 ad
443 1423 597 1449 necem
625 1411 854 1461 oppetiere
880 1408 998 1448 loris.

642 1474 852 1512 SANN10.

924 1536 1046 1575 Loris
1074 1534 1210 1574 liber?

587 1601 901 1640 Anscnmvs.
1199 1648 1202 1651 ι

1220 1663 1289 1700 Sic
1317 1662 1408 1700 erit.

636 1727 851 1764 SAxnuo.

189 1792 230 1831 Ο
265 1789 483 1837 Ῐιόιιὶηθω
517 1792 751 1842 impurum!
801 1787 967 1827 hiccine
1008 1788 1248 1828 libertatern
1293 1791 1410 1827 aiunt

814 1865 904 1891 esse
934 1867 1112 1906 aequam
1142 1851 1366 1892 omnibus?

598 1917 900 1955 Anscmnvs.

187 1983 231 2020 Si
258 1984 356 2021 satis
386 1983 470 2020 iam
498 1978 804 2026 debacchatus,
842 1978 969 2028 leno,
1008 1994 1075 2029 es,
1112 1980 1234 2029 audi,
1270 1981 1305 2018 si
1331 1982 1407 2029 vis,

811 2057 926 2082 nunc
952 2046 1050 2082 Iam.

638 2107 850 2144 Sum-10.

186 2173 322 2228 Egon'
354 2169 636 2212 debacchatus
665 2185 758 2209 sum
787 2181 942 2219 autem,
972 2184 1026 2209 an
1055 2181 1100 2210 tu
1125 2173 1173 2211 in
1199 2171 1295 2211 me?

590 2235 899 2273 AEscumvs.

683 2299 809 2337 Mitte
836 2300 915 2337 ista
944 2298 1071 2352 at'que
1098 2298 1155 2340 ad
1179 2312 1271 2337 rem
1298 2299 1404 2339 redi.

638 2362 848 2401 Sammo.

88 2427 157 2466 160
186 2427 325 2480 Quam
351 2425 471 2466 rem?
499 2439 585 2479 quo
613 2426 814 2465 redeam?

593 2491 629 2528 A
640 2504 662 2527 E
674 2504 691 2527 s
707 2503 730 2527 c
741 2503 787 2527 m
798 2503 899 2531 NVS.

376 2553 519 2594 Iamne
537 2567 606 2593 me
628 2555 676 2593 id
693 2556 755 2593 vis
781 2554 939 2603 dicere,
960 2553 1080 2608 quod
1097 2553 1153 2593 ad
1170 2562 1212 2593 te
1231 2540 1407 2593 attinet?
