1676 2976
604 114 903 156 ADELPHI.
1342 122 1418 168 287

453 273 707 323 SYRVS.
774 273 1056 323 DEMEA.

669 404 840 444 Svnvm

199 471 381 522 Edepol,
410 471 589 525 Syrisce,
619 478 662 507 te
692 470 843 522 curasti
872 467 1075 517 molliter,
1278 467 1350 508 IV.
1378 475 1417 515 8.

198 537 416 588 Lauteque
444 547 593 571 munus
624 533 922 570 administrasti
951 542 1091 570 tuum:
1384 590 1389 593 .

200 599 302 638 Abi!
335 622 383 629 -
421 598 512 645 Sic,
540 606 767 648 postquam
795 597 906 634 intus
936 611 1029 637 sum
1059 597 1250 636 omnium
1275 610 1421 636 rerum

649 664 661 681 '
823 669 952 708 satur,

95 732 173 779 740
201 723 557 766 Prodeambulare
586 713 669 762 huc
696 723 875 761 lubitum
904 734 980 763 est.

656 789 852 827 Danu.

1046 850 1150 890 Illuc
1177 854 1231 892 sis
1260 853 1358 893 vide

198 914 445 968 Exemplum
474 914 745 967 disciplinae!

671 979 844 1018 SYRvm

822 1042 933 1080 Ecce
962 1051 1102 1080 autem
1131 1042 1251 1082 adest
1276 1055 1405 1082 senex

199 1108 280 1146 Hic
307 1116 467 1146 noster.
494 1130 546 1137 —
575 1104 692 1160 Quid
720 1105 791 1144 fit?
819 1106 923 1158 quid
951 1115 996 1144 tu
1025 1119 1068 1145 es
1098 1105 1256 1146 tristis?

657 1171 855 1208 Dans*

1151 1230 1233 1281 Oh,
1261 1231 1419 1271 scelus!

670 1295 844 1334 Svnvm

200 1357 310 1409 Ohe,
338 1371 438 1398 nam
465 1367 512 1398 tu.
536 1358 666 1398 verba
694 1358 848 1397 fundes
877 1356 947 1397 hic
974 1359 1211 1412 sapientia?

658 1424 854 1462 Damna.

200 1489 311 1528 Nam
338 1500 456 1526 meus
484 1495 530 1525 tu
557 1488 593 1525 si
621 1500 838 1534 esses‚....

670 1550 841 1589 Srnvs.

781 1615 858 1652 Dis
887 1612 1062 1666 quidem
1091 1627 1217 1663 esses,
1243 1615 1422 1665 Demea,

96 1684 174 1732 745
202 1681 263 1719 Ac
291 1692 382 1718 rem
409 1688 524 1717 tuam
553 1676 877 1716 constabilisses.

661 1742 856 1780 Danu.

916 1805 1122 1858 Exemplo
1151 1805 1346 1848 omnibus

205 1870 408 1909 Curarem
434 1878 482 1907 ut
509 1882 633 1908 esses.

672 1932 847 1972 Sans.

654 1995 972 2048 Quamobrem?
999 1996 1104 2050 quid
1130 1996 1240 2036 feci?

661 2061 854 2099 Danu.

1251 2125 1423 2179 Rogas?

204 2187 251 2226 ln
279 2189 371 2238 ipsa
398 2185 519 2223 turba
548 2195 675 2238 atque
701 2187 747 2223 in
773 2196 953 2237 peccato
982 2201 1192 2238 maxumo,

205 2250 337 2303 Quod
363 2252 430 2288 vix
456 2249 647 2288 sedatum
676 2252 773 2289 satis
803 2260 879 2300 est,
905 2254 1079 2303 potasti,
1106 2252 1257 2302 scelus,

204 2315 337 2369 Quasi
362 2328 409 2353 re
438 2313 548 2354 bene
575 2318 714 2368 gesta!

674 2378 843 2418 Srnva

787 2441 898 2481 Sane
924 2441 1087 2483 nollem
1113 2442 1197 2484 huc
1225 2447 1394 2485 exitum.

619 2581 905 2601 *-
