1676 2976
556 95 939 136 EVNVCHVS.
1074 132 1126 156 ἡ,
1279 131 1281 134 ⁴
1363 101 1411 141 81

189 198 318 236 Proin
346 206 404 244 tu,
435 195 536 234 dum
564 205 627 234 est
654 205 835 248 tempus,
865 196 991 234 etiam
1020 202 1145 246 atque
1175 195 1300 232 etiarn
1329 192 1412 233 hoc

818 261 973 313 cogita,

186 325 322 363 Here:
354 337 461 376 quae
489 337 555 361 res
584 325 629 361 in
657 336 701 361 se
728 336 871 374 neque
901 321 1124 362 consilium
1148 333 1292 375 neque
1318 334 1411 360 mo-

816 386 918 424 dum

187 450 326 489 Habet
353 451 502 499 ullum,
531 465 623 489 eam
655 449 834 490 consilio
863 462 1013 503 regere
1042 462 1132 488 non
1158 459 1296 501 potes.

186 514 234 552 In
264 529 409 553 amore
438 514 543 553 haec
572 517 717 552 omnia
744 517 887 552 insunt
914 515 1029 561 vitia,
1057 514 1253 562 iniuriae,

112 585 157 623 15
187 580 475 630 Suspiciones,
503 579 767 625 inimicitiae,
796 577 1009 623 induciae,

184 642 363 690 Bellum,
391 656 472 694 pax
498 648 683 686 rursum3
712 643 874 679 incerta
902 639 1007 679 haec
1034 642 1068 679 si
1098 651 1143 680 tu
1167 639 1358 692 postules

185 708 368 745 Ratione
399 716 512 744 certa
540 704 697 752 facere,
726 702 862 742 nihilo
890 702 983 754 plus
1013 714 1133 773 agas⁴
1165 722 1175 727 Δ

186 772 324 823 Quam
353 772 386 807 si
417 769 490 808 des
521 781 711 819 operam,
739 777 786 804 ut
815 780 910 804 cum
938 765 1106 805 ratione
1130 764 1330 809 insanias.

184 835 235 871 Et
264 833 382 885 quod
411 846 524 870 nunc
553 840 641 868 tute
672 840 812 868 tecum
841 832 969 867 iratus
1000 832 1181 882 cogitas:

106 910 156 935 20
184 897 333 950 Egone
362 894 505 933 illam?
542 907 650 946 quae
688 893 833 931 illum?
870 906 979 945 quae
1015 893 1111 932 me?
1149 907 1259 946 quae
1291 894 1411 933 non?

296 999 298 1001 ¹
807 958 899 995 sine
926 955 1081 994 modo!

182 1025 297 1062 Mori
326 1036 394 1060 me
421 1019 587 1058 malim!
618 1021 787 1068 sentiet,
817 1021 889 1072 qui
916 1020 980 1058 vir
1007 1021 1133 1058 siem!

184 1089 300 1125 Haec
327 1084 472 1132 verba,
499 1083 760 1132 mehercule,
787 1097 872 1121 una
900 1082 1006 1121 falsa
1031 1083 1265 1134 lacrimula,
1321 1090 1323 1092 ’

182 1153 335 1204 Quam,
366 1148 512 1187 oculos
545 1146 742 1195 terendO,
770 1148 924 1185 misera
949 1149 1018 1186 vix
1047 1152 1311 1201 expresserit,

177 1215 444 1267 Restinguet,
475 1222 516 1251 et
544 1222 585 1250 te
614 1210 726 1249 ultro
756 1209 986 1260 accusabit,
1016 1222 1058 1250 et
1088 1215 1127 1252 ei
1156 1212 1275 1252 dabis

103 1284 153 1324 25
180 1277 304 1316 Vltro
335 1276 602 1329 supplicium.

600 1340 881 1377 PnAssmuA.

355 1442 359 1446 ,
573 1404 611 1441 O
640 1402 864 1455 indignum
892 1401 1076 1442 facinus!
1107 1417 1224 1443 nunc
1253 1419 1335 1460 ego
1366 1416 1408 1446 et

180 1469 313 1508 Illanc
341 1466 560 1507 scelestam
590 1476 632 1505 et
659 1469 859 1504 miserum
886 1479 955 1503 me
986 1480 1076 1507 esse
1104 1471 1264 1508 sentio!

180 1533 232 1570 Et
261 1532 420 1579 taedet,
450 1541 491 1568 et
520 1544 664 1569 amore
695 1530 851 1568 ardeo!
881 1530 1086 1581 prudens,
1113 1533 1266 1582 sciens,

182 1599 314 1636 Vivos
344 1595 580 1648 vidensque
607 1608 759 1646 pereo,
788 1607 884 1641 nee,
915 1594 1021 1646 quid
1048 1608 1186 1649 agam,
1214 1597 1326 1634 scio!

618 1660 870 1698 PARMENO.

184 1723 301 1777 Quid
329 1737 441 1776 agas,
468 1724 550 1760 nisi
577 1733 625 1760 ut
652 1733 694 1760 te
722 1722 907 1760 redimas
939 1732 1108 1773 captum
1128 1736 1255 1774 quam
1274 1737 1404 1775 queas

104 1794 156 1832 30
182 1787 397 1833 Minumo;
427 1788 461 1825 si
489 1799 676 1838 nequeas
706 1784 899 1836 paululo,
929 1795 969 1822 at
1001 1788 1147 1837 quanti
1177 1799 1328 1839 queas;

184 1850 237 1887 Et
262 1863 317 1888 ne
345 1859 386 1889 te
416 1849 650 1888 adflictes..
666 1879 695 1887 ..

420 1912 432 1932 ¹
606 1914 883 1951 PnAznmA.
942 1914 945 1918 ’
1136 1908 1209 1973 ’.ι

755 1974 874 2015 Itane
902 1973 1082 2012 suades?
1215 1970 1220 1973 “

621 2038 871 2076 PARMENO.

1134 2102 1178 2139 Si
1206 2106 1331 2156 sapis,

187 2168 353 2218 Neque,
380 2174 679 2218 praeterquam
708 2179 810 2218 quas
839 2167 931 2216 ipse
960 2178 1080 2203 amor
1106 2165 1320 2206 molestias
1350 2206 1365 2211 Χ

186 2229 339 2277 Habet,
370 2230 516 2278 addas,
545 2229 652 2277 illas,
681 2242 785 2281 quas
813 2227 956 2277 habet,
984 2239 1100 2269 recte
1128 2230 1266 2269 feras?

186 2295 258 2332 Set
288 2307 387 2331 ecca
415 2295 507 2344 ipsa
537 2292 754 2346 egreditur
781 2294 914 2331 nostri
941 2293 1064 2332 fundi
1095 2292 1330 2333 calamitas:

107 2362 159 2404 35
188 2360 297 2396 Nam
329 2369 407 2395 nos
438 2356 557 2409 quod
587 2370 739 2407 capere
770 2365 959 2408 oportet,
983 2355 1087 2397 haec
1114 2359 1343 2409 intercipit.

605 2505 890 2524 4..

1480 2305 1551 2398 {ff
1591 2438 1597 2443 .
