<?xml version="1.0" encoding="UTF-8"?>
<!DOCTYPE html PUBLIC "-//W3C//DTD XHTML 1.0 Transitional//EN"
    "http://www.w3.org/TR/xhtml1/DTD/xhtml1-transitional.dtd">
<html xmlns="http://www.w3.org/1999/xhtml" xml:lang="en" lang="en">
 <head>
  <title>
</title>
<meta http-equiv="Content-Type" content="text/html;charset=utf-8" />
  <meta name='ocr-system' content='tesseract 3.04.00' />
  <meta name='ocr-capabilities' content='ocr_page ocr_carea ocr_par ocr_line ocrx_word'/>
</head>
<body>
  <div class='ocr_page' id='page_1' title='image "./comoediae01tereuoft_0087.png"; bbox 0 0 1676 2976; ppageno 0'>
   <div class='ocr_carea' id='block_1_1' title="bbox 160 56 1455 137">
    <p class='ocr_par' dir='ltr' id='par_1_1' title="bbox 160 56 1455 137">
     <span class='ocr_line' id='line_1_1' title="bbox 160 56 1455 137; baseline 0.007 -21"><span class='ocrx_word' id='word_1_1' title='bbox 160 56 234 133; x_wconf 47' lang='grc' dir='ltr'><strong>ἒξ</strong></span> <span class='ocrx_word' id='word_1_2' title='bbox 658 81 931 123; x_wconf 77' lang='lat' dir='ltr'>ANmuA.</span> <span class='ocrx_word' id='word_1_3' title='bbox 1406 97 1455 137; x_wconf 89' lang='lat'><strong>71</strong></span> 
     </span>
    </p>
   </div>
   <div class='ocr_carea' id='block_1_2' title="bbox 124 184 1459 1872">
    <p class='ocr_par' dir='ltr' id='par_1_2' title="bbox 641 184 1459 349">
     <span class='ocr_line' id='line_1_2' title="bbox 641 184 1287 223; baseline -0.005 0"><span class='ocrx_word' id='word_1_4' title='bbox 641 184 953 223; x_wconf 66' lang='lat' dir='ltr'><strong>PAnrulzvs.</strong></span> <span class='ocrx_word' id='word_1_5' title='bbox 1275 209 1287 217; x_wconf 75' lang='lat'><em>,</em></span> 
     </span>
     <span class='ocr_line' id='line_1_3' title="bbox 994 242 1459 299; baseline -0.002 -13"><span class='ocrx_word' id='word_1_6' title='bbox 994 242 1114 299; x_wconf 63' lang='lat' dir='ltr'><strong>Qffid</strong></span> <span class='ocrx_word' id='word_1_7' title='bbox 1136 254 1281 295; x_wconf 81' lang='lat' dir='ltr'><strong>restat,</strong></span> <span class='ocrx_word' id='word_1_8' title='bbox 1307 245 1459 298; x_wconf 83' lang='lat' dir='ltr'>pater?</span> 
     </span>
     <span class='ocr_line' id='line_1_4' title="bbox 728 310 871 349; baseline 0.014 -2"><span class='ocrx_word' id='word_1_9' title='bbox 728 310 871 349; x_wconf 61' lang='lat' dir='ltr'><strong>Sumo.</strong></span> 
     </span>
    </p>

    <p class='ocr_par' dir='ltr' id='par_1_3' title="bbox 124 373 1457 1872">
     <span class='ocr_line' id='line_1_5' title="bbox 231 373 1287 427; baseline -0.003 -14"><span class='ocrx_word' id='word_1_10' title='bbox 231 373 486 413; x_wconf 87' lang='lat' dir='ltr'>Iamdudum</span> <span class='ocrx_word' id='word_1_11' title='bbox 514 387 579 413; x_wconf 83' lang='lat' dir='ltr'><strong>res</strong></span> <span class='ocrx_word' id='word_1_12' title='bbox 608 373 775 413; x_wconf 79' lang='lat' dir='ltr'><strong>reduxit</strong></span> <span class='ocrx_word' id='word_1_13' title='bbox 802 387 870 412; x_wconf 83' lang='lat' dir='ltr'><strong>me</strong></span> <span class='ocrx_word' id='word_1_14' title='bbox 898 375 991 426; x_wconf 84' lang='lat' dir='ltr'><strong>ipsa</strong></span> <span class='ocrx_word' id='word_1_15' title='bbox 1017 374 1064 412; x_wconf 87' lang='lat' dir='ltr'><strong>in</strong></span> <span class='ocrx_word' id='word_1_16' title='bbox 1093 374 1287 427; x_wconf 76' lang='lat' dir='ltr'><strong>gratiam.</strong></span> 
     </span>
     <span class='ocr_line' id='line_1_6' title="bbox 634 438 952 476; baseline 0.003 -1"><span class='ocrx_word' id='word_1_17' title='bbox 634 438 952 476; x_wconf 62' lang='lat' dir='ltr'><strong>PAmvas.</strong></span> 
     </span>
     <span class='ocr_line' id='line_1_7' title="bbox 904 499 1457 552; baseline -0.002 -13"><span class='ocrx_word' id='word_1_18' title='bbox 904 501 943 539; x_wconf 93' lang='lat' dir='ltr'>O</span> <span class='ocrx_word' id='word_1_19' title='bbox 971 499 1162 552; x_wconf 86' lang='lat' dir='ltr'>lepidum</span> <span class='ocrx_word' id='word_1_20' title='bbox 1189 502 1374 552; x_wconf 84' lang='lat' dir='ltr'>patrem!</span> <span class='ocrx_word' id='word_1_21' title='bbox 1405 523 1457 531; x_wconf 90' lang='grc'><strong>--</strong></span> 
     </span>
     <span class='ocr_line' id='line_1_8' title="bbox 229 561 1351 616; baseline -0.002 -13"><span class='ocrx_word' id='word_1_22' title='bbox 229 565 296 603; x_wconf 86' lang='lat' dir='ltr'><strong>De</strong></span> <span class='ocrx_word' id='word_1_23' title='bbox 323 578 470 614; x_wconf 87' lang='lat' dir='ltr'>uxore,</span> <span class='ocrx_word' id='word_1_24' title='bbox 497 567 555 604; x_wconf 79' lang='lat' dir='ltr'><strong>ita</strong></span> <span class='ocrx_word' id='word_1_25' title='bbox 582 575 628 603; x_wconf 89' lang='lat' dir='ltr'><strong>ut</strong></span> <span class='ocrx_word' id='word_1_26' title='bbox 655 564 844 616; x_wconf 80' lang='lat' dir='ltr'>possedi,</span> <span class='ocrx_word' id='word_1_27' title='bbox 871 563 933 602; x_wconf 85' lang='lat' dir='ltr'><strong>nil</strong></span> <span class='ocrx_word' id='word_1_28' title='bbox 959 572 1092 602; x_wconf 84' lang='lat' dir='ltr'><strong>mutat</strong></span> <span class='ocrx_word' id='word_1_29' title='bbox 1121 561 1351 603; x_wconf 83' lang='lat' dir='ltr'><strong>Chremes?</strong></span> 
     </span>
     <span class='ocr_line' id='line_1_9' title="bbox 661 629 920 667; baseline -0.008 0"><span class='ocrx_word' id='word_1_30' title='bbox 661 629 920 667; x_wconf 68' lang='lat' dir='ltr'><strong>Cnnmuzs.</strong></span> 
     </span>
     <span class='ocr_line' id='line_1_10' title="bbox 1003 691 1450 743; baseline 0 -13"><span class='ocrx_word' id='word_1_31' title='bbox 1003 691 1141 730; x_wconf 85' lang='lat' dir='ltr'>Causa</span> <span class='ocrx_word' id='word_1_32' title='bbox 1170 700 1345 743; x_wconf 85' lang='lat' dir='ltr'>optuma</span> <span class='ocrx_word' id='word_1_33' title='bbox 1373 700 1450 740; x_wconf 83' lang='lat' dir='ltr'>est,</span> 
     </span>
     <span class='ocr_line' id='line_1_11' title="bbox 124 753 905 808; baseline 0 -16"><span class='ocrx_word' id='word_1_34' title='bbox 124 767 202 807; x_wconf 87' lang='lat'><strong>920</strong></span> <span class='ocrx_word' id='word_1_35' title='bbox 228 756 319 792; x_wconf 86' lang='lat' dir='ltr'><strong>Nisi</strong></span> <span class='ocrx_word' id='word_1_36' title='bbox 348 756 382 792; x_wconf 88' lang='lat' dir='ltr'><strong>si</strong></span> <span class='ocrx_word' id='word_1_37' title='bbox 411 754 515 808; x_wconf 84' lang='lat' dir='ltr'>quid</span> <span class='ocrx_word' id='word_1_38' title='bbox 540 764 665 806; x_wconf 83' lang='lat' dir='ltr'>pater</span> <span class='ocrx_word' id='word_1_39' title='bbox 692 757 750 792; x_wconf 84' lang='lat' dir='ltr'><strong>ait</strong></span> <span class='ocrx_word' id='word_1_40' title='bbox 778 753 905 792; x_wconf 78' lang='lat' dir='ltr'><strong>aliud.</strong></span> 
     </span>
     <span class='ocr_line' id='line_1_12' title="bbox 718 816 858 854; baseline 0.007 -1"><span class='ocrx_word' id='word_1_41' title='bbox 718 816 806 854; x_wconf 73' lang='lat' dir='ltr'><strong>Sna</strong></span> <span class='ocrx_word' id='word_1_42' title='bbox 818 829 858 854; x_wconf 93' lang='lat'><strong>0.</strong></span> 
     </span>
     <span class='ocr_line' id='line_1_13' title="bbox 713 878 1160 930; baseline 0.002 -13"><span class='ocrx_word' id='word_1_43' title='bbox 713 880 881 930; x_wconf 83' lang='lat' dir='ltr'>Nempe</span> <span class='ocrx_word' id='word_1_44' title='bbox 910 878 958 917; x_wconf 82' lang='lat' dir='ltr'><strong>id</strong></span> <span class='ocrx_word' id='word_1_45' title='bbox 986 879 1160 919; x_wconf 85' lang='lat' dir='ltr'><strong>scilicet.</strong></span> 
     </span>
     <span class='ocr_line' id='line_1_14' title="bbox 664 944 924 982; baseline -0.004 0"><span class='ocrx_word' id='word_1_46' title='bbox 664 944 924 982; x_wconf 48' lang='lat' dir='ltr'><strong>Cuneus&amp;</strong></span> 
     </span>
     <span class='ocr_line' id='line_1_15' title="bbox 992 1004 1453 1058; baseline 0.004 -12"><span class='ocrx_word' id='word_1_47' title='bbox 992 1007 1100 1056; x_wconf 85' lang='lat' dir='ltr'>Dos,</span> <span class='ocrx_word' id='word_1_48' title='bbox 1128 1004 1361 1058; x_wconf 84' lang='lat' dir='ltr'>Pamphile,</span> <span class='ocrx_word' id='word_1_49' title='bbox 1390 1016 1453 1047; x_wconf 88' lang='lat' dir='ltr'><strong>est</strong></span> 
     </span>
     <span class='ocr_line' id='line_1_16' title="bbox 228 1068 588 1110; baseline -0.008 0"><span class='ocrx_word' id='word_1_50' title='bbox 228 1073 389 1110; x_wconf 84' lang='lat' dir='ltr'><strong>Decem</strong></span> <span class='ocrx_word' id='word_1_51' title='bbox 418 1068 588 1109; x_wconf 80' lang='lat' dir='ltr'><strong>talenta.</strong></span> 
     </span>
     <span class='ocr_line' id='line_1_17' title="bbox 625 1133 948 1173; baseline -0.003 -1"><span class='ocrx_word' id='word_1_52' title='bbox 625 1133 690 1172; x_wconf 68' lang='grc' dir='ltr'><strong>ΡΑ</strong></span> <span class='ocrx_word' id='word_1_53' title='bbox 702 1146 900 1173; x_wconf 68' lang='lat' dir='ltr'>upnxnv</span> <span class='ocrx_word' id='word_1_54' title='bbox 917 1147 948 1172; x_wconf 92' lang='lat' dir='ltr'><strong>s.</strong></span> 
     </span>
     <span class='ocr_line' id='line_1_18' title="bbox 620 1197 814 1248; baseline 0.01 -14"><span class='ocrx_word' id='word_1_55' title='bbox 620 1197 814 1248; x_wconf 89' lang='lat' dir='ltr'><strong>Accipio.</strong></span> 
     </span>
     <span class='ocr_line' id='line_1_19' title="bbox 660 1262 917 1300; baseline 0 -1"><span class='ocrx_word' id='word_1_56' title='bbox 660 1262 917 1300; x_wconf 74' lang='lat' dir='ltr'>CHREMES.</span> 
     </span>
     <span class='ocr_line' id='line_1_20' title="bbox 513 1321 1451 1375; baseline 0.001 -13"><span class='ocrx_word' id='word_1_57' title='bbox 513 1324 703 1375; x_wconf 91' lang='lat' dir='ltr'>Propero</span> <span class='ocrx_word' id='word_1_58' title='bbox 733 1325 788 1363; x_wconf 79' lang='lat' dir='ltr'><strong>ad</strong></span> <span class='ocrx_word' id='word_1_59' title='bbox 815 1324 957 1363; x_wconf 85' lang='lat' dir='ltr'><strong>filiam.</strong></span> <span class='ocrx_word' id='word_1_60' title='bbox 995 1321 1086 1362; x_wconf 87' lang='lat' dir='ltr'><strong>Eho</strong></span> <span class='ocrx_word' id='word_1_61' title='bbox 1106 1336 1289 1372; x_wconf 87' lang='lat' dir='ltr'><strong>mecum,</strong></span> <span class='ocrx_word' id='word_1_62' title='bbox 1310 1324 1451 1363; x_wconf 86' lang='lat' dir='ltr'>Crito:</span> 
     </span>
     <span class='ocr_line' id='line_1_21' title="bbox 225 1385 1028 1426; baseline 0 0"><span class='ocrx_word' id='word_1_63' title='bbox 225 1386 334 1426; x_wconf 80' lang='lat' dir='ltr'>Na&#39;m</span> <span class='ocrx_word' id='word_1_64' title='bbox 361 1385 477 1426; x_wconf 85' lang='lat' dir='ltr'><strong>illam</strong></span> <span class='ocrx_word' id='word_1_65' title='bbox 503 1401 573 1426; x_wconf 88' lang='lat' dir='ltr'><strong>me</strong></span> <span class='ocrx_word' id='word_1_66' title='bbox 602 1388 732 1426; x_wconf 88' lang='lat' dir='ltr'>credo</span> <span class='ocrx_word' id='word_1_67' title='bbox 762 1386 862 1426; x_wconf 83' lang='lat' dir='ltr'><strong>haut</strong></span> <span class='ocrx_word' id='word_1_68' title='bbox 886 1401 1028 1426; x_wconf 86' lang='lat' dir='ltr'><strong>nosse.</strong></span> 
     </span>
     <span class='ocr_line' id='line_1_22' title="bbox 714 1453 855 1491; baseline 0.014 -2"><span class='ocrx_word' id='word_1_69' title='bbox 714 1453 855 1491; x_wconf 77' lang='lat' dir='ltr'><strong>Smo.</strong></span> 
     </span>
     <span class='ocr_line' id='line_1_23' title="bbox 566 1513 1447 1554; baseline -0.001 0"><span class='ocrx_word' id='word_1_70' title='bbox 566 1515 654 1554; x_wconf 91' lang='lat' dir='ltr'><strong>Cur</strong></span> <span class='ocrx_word' id='word_1_71' title='bbox 681 1529 771 1554; x_wconf 87' lang='lat' dir='ltr'><strong>non</strong></span> <span class='ocrx_word' id='word_1_72' title='bbox 798 1514 913 1554; x_wconf 84' lang='lat' dir='ltr'>illam</span> <span class='ocrx_word' id='word_1_73' title='bbox 941 1513 1024 1554; x_wconf 93' lang='lat' dir='ltr'><strong>huc</strong></span> <span class='ocrx_word' id='word_1_74' title='bbox 1051 1515 1268 1554; x_wconf 83' lang='lat' dir='ltr'>transferri</span> <span class='ocrx_word' id='word_1_75' title='bbox 1297 1513 1447 1554; x_wconf 82' lang='lat' dir='ltr'><strong>iubes?</strong></span> 
     </span>
     <span class='ocr_line' id='line_1_24' title="bbox 628 1580 937 1617; baseline -0.003 0"><span class='ocrx_word' id='word_1_76' title='bbox 628 1580 937 1617; x_wconf 64' lang='lat' dir='ltr'><strong>PAnmevs.</strong></span> 
     </span>
     <span class='ocr_line' id='line_1_25' title="bbox 223 1642 1386 1695; baseline -0.002 -14"><span class='ocrx_word' id='word_1_77' title='bbox 223 1642 356 1682; x_wconf 85' lang='lat' dir='ltr'>Recte</span> <span class='ocrx_word' id='word_1_78' title='bbox 384 1643 609 1690; x_wconf 84' lang='lat' dir='ltr'><strong>admones;</strong></span> <span class='ocrx_word' id='word_1_79' title='bbox 638 1644 761 1681; x_wconf 87' lang='lat' dir='ltr'>Davo</span> <span class='ocrx_word' id='word_1_80' title='bbox 790 1644 897 1680; x_wconf 86' lang='lat' dir='ltr'><strong>istuc</strong></span> <span class='ocrx_word' id='word_1_81' title='bbox 926 1642 1082 1681; x_wconf 80' lang='lat' dir='ltr'><strong>dedam</strong></span> <span class='ocrx_word' id='word_1_82' title='bbox 1109 1644 1194 1680; x_wconf 88' lang='lat' dir='ltr'><strong>iam</strong></span> <span class='ocrx_word' id='word_1_83' title='bbox 1224 1643 1386 1695; x_wconf 85' lang='lat' dir='ltr'><strong>negoti.</strong></span> 
     </span>
     <span class='ocr_line' id='line_1_26' title="bbox 713 1706 858 1745; baseline 0 -2"><span class='ocrx_word' id='word_1_84' title='bbox 713 1706 858 1745; x_wconf 70' lang='lat' dir='ltr'><strong>Suao.</strong></span> 
     </span>
     <span class='ocr_line' id='line_1_27' title="bbox 1164 1769 1448 1819; baseline 0 -12"><span class='ocrx_word' id='word_1_85' title='bbox 1164 1769 1267 1807; x_wconf 88' lang='lat' dir='ltr'><strong>Non</strong></span> <span class='ocrx_word' id='word_1_86' title='bbox 1293 1778 1448 1819; x_wconf 88' lang='lat' dir='ltr'><strong>potest.</strong></span> 
     </span>
     <span class='ocr_line' id='line_1_28' title="bbox 628 1834 934 1872; baseline -0.003 0"><span class='ocrx_word' id='word_1_87' title='bbox 628 1834 934 1872; x_wconf 66' lang='lat' dir='ltr'><strong>PAmmnnvs.</strong></span> 
     </span>
    </p>
   </div>
   <div class='ocr_carea' id='block_1_3' title="bbox 228 1897 857 1998">
    <p class='ocr_par' dir='ltr' id='par_1_4' title="bbox 228 1897 857 1998">
     <span class='ocr_line' id='line_1_29' title="bbox 228 1897 342 1950; baseline 0 -16"><span class='ocrx_word' id='word_1_88' title='bbox 228 1897 342 1950; x_wconf 81' lang='lat' dir='ltr'><strong>Qui?</strong></span> 
     </span>
     <span class='ocr_line' id='line_1_30' title="bbox 711 1960 857 1998; baseline 0.014 -2"><span class='ocrx_word' id='word_1_89' title='bbox 711 1960 857 1998; x_wconf 73' lang='lat' dir='ltr'><strong>Sxmo.</strong></span> 
     </span>
    </p>
   </div>
   <div class='ocr_carea' id='block_1_4' title="bbox 121 2022 1445 2571">
    <p class='ocr_par' dir='ltr' id='par_1_5' title="bbox 121 2022 1445 2571">
     <span class='ocr_line' id='line_1_31' title="bbox 382 2022 1389 2077; baseline -0.002 -15"><span class='ocrx_word' id='word_1_90' title='bbox 382 2024 493 2077; x_wconf 88' lang='lat' dir='ltr'><strong>Quia</strong></span> <span class='ocrx_word' id='word_1_91' title='bbox 521 2022 647 2062; x_wconf 89' lang='lat' dir='ltr'>habet</span> <span class='ocrx_word' id='word_1_92' title='bbox 674 2023 789 2062; x_wconf 87' lang='lat' dir='ltr'>aliud</span> <span class='ocrx_word' id='word_1_93' title='bbox 815 2024 947 2076; x_wconf 82' lang='lat' dir='ltr'>magis</span> <span class='ocrx_word' id='word_1_94' title='bbox 977 2035 1026 2060; x_wconf 85' lang='lat' dir='ltr'><strong>ex</strong></span> <span class='ocrx_word' id='word_1_95' title='bbox 1052 2034 1144 2060; x_wconf 84' lang='lat' dir='ltr'><strong>sese</strong></span> <span class='ocrx_word' id='word_1_96' title='bbox 1174 2031 1216 2059; x_wconf 86' lang='lat' dir='ltr'><strong>et</strong></span> <span class='ocrx_word' id='word_1_97' title='bbox 1244 2023 1389 2060; x_wconf 84' lang='lat' dir='ltr'>maius.</span> 
     </span>
     <span class='ocr_line' id='line_1_32' title="bbox 632 2089 939 2126; baseline -0.007 0"><span class='ocrx_word' id='word_1_98' title='bbox 632 2089 664 2126; x_wconf 95' lang='lat' dir='ltr'>P</span> <span class='ocrx_word' id='word_1_99' title='bbox 675 2102 700 2126; x_wconf 78' lang='lat' dir='ltr'>A</span> <span class='ocrx_word' id='word_1_100' title='bbox 711 2101 741 2124; x_wconf 74' lang='grc' dir='ltr'><strong>Μ</strong></span> <span class='ocrx_word' id='word_1_101' title='bbox 750 2102 773 2126; x_wconf 83' lang='lat'><strong>1²</strong></span> <span class='ocrx_word' id='word_1_102' title='bbox 781 2102 807 2125; x_wconf 77' lang='grc' dir='ltr'><strong><em>Η</em></strong></span> <span class='ocrx_word' id='word_1_103' title='bbox 817 2102 830 2125; x_wconf 90' lang='lat'>1</span> <span class='ocrx_word' id='word_1_104' title='bbox 840 2101 863 2126; x_wconf 78' lang='lat' dir='ltr'>L</span> <span class='ocrx_word' id='word_1_105' title='bbox 874 2101 898 2125; x_wconf 93' lang='lat' dir='ltr'><strong>v</strong></span> <span class='ocrx_word' id='word_1_106' title='bbox 906 2101 939 2124; x_wconf 89' lang='lat' dir='ltr'><strong>s.</strong></span> 
     </span>
     <span class='ocr_line' id='line_1_33' title="bbox 900 2148 1144 2202; baseline -0.008 -15"><span class='ocrx_word' id='word_1_107' title='bbox 900 2149 1115 2202; x_wconf 79' lang='lat' dir='ltr'>Quidnam</span> <span class='ocrx_word' id='word_1_108' title='bbox 1128 2148 1144 2185; x_wconf 65' lang='grc' dir='ltr'><strong><em>Ρ</em></strong></span> 
     </span>
     <span class='ocr_line' id='line_1_34' title="bbox 641 2214 856 2254; baseline 0.009 -3"><span class='ocrx_word' id='word_1_109' title='bbox 641 2235 647 2240; x_wconf 87' lang='lat'><em>-</em></span> <span class='ocrx_word' id='word_1_110' title='bbox 710 2214 737 2252; x_wconf 92' lang='lat' dir='ltr'>S</span> <span class='ocrx_word' id='word_1_111' title='bbox 746 2228 761 2254; x_wconf 88' lang='lat'>1</span> <span class='ocrx_word' id='word_1_112' title='bbox 771 2228 804 2252; x_wconf 75' lang='lat' dir='ltr'>M</span> <span class='ocrx_word' id='word_1_113' title='bbox 816 2227 856 2253; x_wconf 89' lang='lat'><strong>0.</strong></span> 
     </span>
     <span class='ocr_line' id='line_1_35' title="bbox 1165 2277 1445 2315; baseline 0.004 -1"><span class='ocrx_word' id='word_1_114' title='bbox 1165 2277 1341 2315; x_wconf 84' lang='lat' dir='ltr'><strong>Vinctus</strong></span> <span class='ocrx_word' id='word_1_115' title='bbox 1371 2286 1445 2315; x_wconf 87' lang='lat' dir='ltr'><strong>est.</strong></span> 
     </span>
     <span class='ocr_line' id='line_1_36' title="bbox 636 2342 945 2380; baseline -0.003 0"><span class='ocrx_word' id='word_1_116' title='bbox 636 2342 669 2380; x_wconf 92' lang='lat' dir='ltr'><strong>P</strong></span> <span class='ocrx_word' id='word_1_117' title='bbox 677 2355 703 2380; x_wconf 78' lang='lat' dir='ltr'><strong>A</strong></span> <span class='ocrx_word' id='word_1_118' title='bbox 711 2354 743 2378; x_wconf 71' lang='grc' dir='ltr'><strong>Μ</strong></span> <span class='ocrx_word' id='word_1_119' title='bbox 754 2356 777 2380; x_wconf 81' lang='lat' dir='ltr'>P</span> <span class='ocrx_word' id='word_1_120' title='bbox 787 2355 815 2379; x_wconf 75' lang='grc' dir='ltr'><strong>Η</strong></span> <span class='ocrx_word' id='word_1_121' title='bbox 824 2355 839 2380; x_wconf 90' lang='lat'>1</span> <span class='ocrx_word' id='word_1_122' title='bbox 848 2354 872 2379; x_wconf 78' lang='lat' dir='ltr'>L</span> <span class='ocrx_word' id='word_1_123' title='bbox 880 2354 905 2378; x_wconf 93' lang='lat' dir='ltr'>v</span> <span class='ocrx_word' id='word_1_124' title='bbox 914 2354 945 2379; x_wconf 92' lang='lat' dir='ltr'><strong>s.</strong></span> 
     </span>
     <span class='ocr_line' id='line_1_37' title="bbox 121 2406 825 2458; baseline 0 -16"><span class='ocrx_word' id='word_1_125' title='bbox 121 2410 197 2458; x_wconf 85' lang='lat'><strong>925</strong></span> <span class='ocrx_word' id='word_1_126' title='bbox 224 2406 360 2454; x_wconf 80' lang='lat' dir='ltr'>Pater,</span> <span class='ocrx_word' id='word_1_127' title='bbox 387 2417 478 2444; x_wconf 90' lang='lat' dir='ltr'><strong>non</strong></span> <span class='ocrx_word' id='word_1_128' title='bbox 505 2415 621 2444; x_wconf 87' lang='lat' dir='ltr'>recte</span> <span class='ocrx_word' id='word_1_129' title='bbox 648 2407 825 2444; x_wconf 86' lang='lat' dir='ltr'><strong>vinctus.</strong></span> 
     </span>
     <span class='ocr_line' id='line_1_38' title="bbox 716 2469 854 2507; baseline 0 -1"><span class='ocrx_word' id='word_1_130' title='bbox 716 2469 743 2506; x_wconf 91' lang='lat' dir='ltr'>S</span> <span class='ocrx_word' id='word_1_131' title='bbox 752 2482 767 2507; x_wconf 90' lang='lat'>1</span> <span class='ocrx_word' id='word_1_132' title='bbox 776 2482 807 2506; x_wconf 76' lang='lat' dir='ltr'><strong>M</strong></span> <span class='ocrx_word' id='word_1_133' title='bbox 815 2481 854 2506; x_wconf 88' lang='grc' dir='ltr'><strong>ο.</strong></span> 
     </span>
     <span class='ocr_line' id='line_1_39' title="bbox 844 2531 1124 2571; baseline 0.004 -1"><span class='ocrx_word' id='word_1_134' title='bbox 844 2531 900 2570; x_wconf 84' lang='lat' dir='ltr'><strong>At</strong></span> <span class='ocrx_word' id='word_1_135' title='bbox 926 2533 983 2569; x_wconf 87' lang='lat' dir='ltr'><strong>ita</strong></span> <span class='ocrx_word' id='word_1_136' title='bbox 1011 2532 1124 2571; x_wconf 77' lang='lat' dir='ltr'><strong>iussi.</strong></span> 
     </span>
    </p>
   </div>
  </div>
 </body>
</html>
