1676 2976
325 74 1164 124 HEAVTONTIMORVMENOS.
1338 80 1412 122 183

267 206 770 255 MENEDEMVS.
847 200 1220 278 CHREMES.

573 305 915 344 Manennmvs.

190 369 274 408 Aut
292 382 373 421 ego
388 368 586 420 profecto
602 371 778 422 ingenio
798 369 969 422 egregie
986 365 1041 405 ad
1052 365 1264 403 miseriam
1282 359 1352 398 III.
1369 371 1404 397 z.

186 433 318 470 Natus
348 436 468 481 sums
484 443 554 470 aut
581 432 688 470 illud
707 431 857 470 falsum
878 441 954 479 est,
974 429 1093 483 quod
1111 427 1240 481 volgo
1261 425 1405 471 audio,

82 504 157 547 370
183 497 266 535 Die
297 496 410 534 diem
440 496 627 534 adimere
658 495 969 549 aegritudinem
997 490 1262 531 hominibus:

184 561 293 598 Nam
323 558 426 597 mihi
456 560 629 612 quidem
659 558 853 612 quotidie
883 559 1074 612 augescit
1098 558 1230 611 magis

184 626 252 663 De
280 623 368 662 filio
399 624 641 677 aegritudo,
672 633 713 661 et
742 632 901 675 quanto
933 621 1087 659 diutius

184 686 329 735 Abest,
357 702 480 742 mage
510 690 636 740 cupio
667 696 784 725 tanto
815 695 856 724 et
882 698 1005 739 mage
1035 683 1247 723 desidero.

614 752 868 790 Canauna

183 816 255 854 Set
284 818 421 867 ipsum
450 815 564 854 foras
595 828 809 868 egressum
839 813 986 851 video:
1015 810 1105 860 ibo,
1134 809 1353 862 adloquar.

79 885 152 929 ,375
182 879 456 928 Mene-deme,
484 879 619 919 salve!
650 879 845 915 nuntium
874 876 1058 927 adporto
1087 874 1179 921 tibi,

185 946 313 982 Cuius
342 956 535 983 maxume
594 942 814 992 articipem
844 949 883 977 te
911 939 1002 978 fieri
1032 941 1162 990 cupis.

516 956 911 1053 ᾖεπεοεκνε.

180 1074 290 1110 Num
319 1056 606 1132 quidnaspde
635 1078 767 1123 gnato
796 1079 894 1105 meo
924 1065 1092 1113 audisti,
1122 1062 1331 1103 Chreme?

466 1150 494 1169 ω
603 1132 865 1172 CHREMES.

180 1197 307 1236 Valet
335 1208 504 1251 atque..

564 1261 902 1298 MENEnssmvs.

456 1324 600 1375 Vivit?
628 1321 813 1361 Vbinam
843 1331 919 1370 est,
949 1321 1137 1375 quaeso?

608 1389 905 1437 Cunssmzsl

1014 1449 1143 1501 Apud
1170 1461 1238 1487 me
1269 1447 1399 1486 domi.

571 1517 906 1555 MENEDEnavs.

180 1581 299 1618 Meus
328 1589 562 1634 gnatus....

606 1645 864 1683 Cunnum.

591 1708 660 1744 Sic
690 1716 764 1750 est.

567 1771 905 1809 MENEnEmvs.

810 1831 966 1871 Venit?

607 1900 862 1938 Canama&

1028 1960 1168 1999 Certe.

571 2025 649 2063 ME
659 2038 716 2063 NE
727 2038 753 2062 D
766 2038 788 2062 Ε
800 2037 831 2061 Μ
842 2039 865 2063 ν
878 2039 910 2063 s.

1218 2087 1356 2128 Clinia

77 2161 150 2201 380
179 2155 299 2192 Meus
329 2153 472 2191 venit?

612 2218 867 2257 Canama&

495 2281 606 2319 Dixi.

574 2345 911 2383 MENEDEmvs'.

558 2407 733 2446 Eamus!
767 2408 848 2446 duc
875 2422 944 2447 me
972 2408 1027 2446 ad
1056 2422 1166 2456 eum,
1196 2406 1397 2447 obsecro!

616 2473 866 2511 CHREMES.

178 2538 279 2575 Non
306 2535 397 2574 volt
425 2545 467 2574 te
496 2538 621 2586 scire,
650 2550 694 2575 se
723 2536 899 2587 redisse,
929 2538 1055 2576 etiam
1084 2547 1127 2576 et
1154 2549 1270 2578 tuum
