1676 2976
190 523 246 572 P.
298 519 712 590 TERENTn
767 516 956 570 AFRI
1007 473 1211 600 YUA
1264 513 1374 566 Ex

439 591 696 739 AELssssss
744 602 1124 667 DONATO.

121 811 186 898 P
190 852 342 897 ublius
377 850 627 893 Terentius
659 846 795 900 Afer,
841 846 1119 904 Carthagine
1150 857 1308 898 natus,
1349 860 1446 888 ser-

118 927 233 969 vivit
277 923 454 965 Romae
496 919 724 962 Terentio
773 917 966 960 Lucano
1008 917 1238 968 senatori,
1283 929 1308 957 a
1349 929 1444 974 quo

120 995 181 1038 ob
232 993 467 1050 ingenium
513 999 560 1032 et
611 987 808 1032 formam
855 1000 955 1034 non
1008 987 1248 1028 institutus
1299 983 1445 1027 modo

116 1061 372 1108 liberaliter
418 1058 501 1102 sed
542 1069 589 1102 et
629 1069 809 1100 mature
849 1067 917 1100 est
956 1053 1270 1099 manumissus,
1328 1054 1446 1110 Qui-

118 1133 220 1176 dam
263 1141 447 1189 captum
489 1143 588 1171 esse
637 1129 925 1185 existimant,
980 1124 1112 1188 quod
1161 1123 1263 1168 fieri
1310 1123 1443 1166 nullo

116 1202 259 1246 modo
292 1201 515 1260 potuisse,
549 1196 814 1241 Fenestella
846 1195 1000 1248 docet,
1034 1210 1137 1238 cum
1160 1196 1284 1237 inter
1306 1192 1446 1237 finem

116 1270 308 1316 secundi
340 1268 453 1312 belli
484 1269 652 1311 Punici
685 1277 731 1309 et
765 1267 950 1308 initium
982 1266 1114 1309 tertii
1145 1275 1279 1307 natus
1305 1266 1364 1307 sit
1399 1273 1445 1306 et

115 1351 347 1392 mortuus,
389 1353 498 1389 nec,
541 1338 580 1380 si
621 1351 646 1378 a
676 1335 894 1380 Numidis
927 1347 1005 1378 aut
1038 1334 1252 1379 Gaetulis
1285 1344 1445 1392 captus

117 1416 197 1461 sit,
243 1410 300 1452 ad
344 1408 583 1450 dominum
623 1407 884 1449 Romanum
916 1405 1167 1464 pervenire
1189 1406 1444 1462 potuisset,
1514 1430 1522 1433 -

117 1481 247 1525 nullo
282 1479 566 1523 commercio
600 1479 723 1520 inter
753 1475 940 1520 Italicos
974 1485 1020 1518 et
1043 1473 1184 1516 Afros
1215 1475 1305 1517 nisi
1336 1482 1444 1532 post

121 1552 323 1596 deletam
374 1547 700 1605 Carthaginem
751 1556 942 1605 coepto.
1011 1544 1103 1586 Hic
1145 1560 1247 1587 cum
1288 1543 1445 1586 multis

117 1619 350 1666 nobilibus
383 1616 673 1660 familiariter
704 1618 832 1668 vixit,
866 1615 949 1658 sed
980 1615 1176 1661 maxime
1208 1629 1312 1657 curn
1344 1613 1445 1657 Sci-

120 1694 264 1751 pione
297 1688 520 1731 Africano
555 1696 602 1730 et
637 1685 688 1728 C.
720 1685 906 1738 Laelio,
957 1684 1124 1745 quibus
1167 1686 1305 1727 etiam
1338 1697 1444 1727 cor-

121 1763 249 1820 poxis
300 1759 444 1817 gratia
498 1754 775 1799 conciliatus
826 1756 1131 1809 existimatur;
1203 1753 1335 1814 quod
1396 1763 1444 1795 et

121 1833 270 1889 ipsum
322 1825 584 1871 Fenestella
636 1827 804 1884 arguit,
866 1823 1175 1875 contendens,
1239 1834 1446 1881 utroque

123 1902 341 1942 maiorem
373 1907 485 1939 natu
516 1895 669 1946 fuisse,
703 1896 912 1954 quamvis
934 1905 983 1937 et
1010 1892 1254 1936 Cornelius
1278 1891 1444 1949 Nepos

124 1967 337 2027 aequales
379 1981 540 2008 omnes
578 1965 719 2007 fuisse
756 1963 929 2016 tradat,
979 1962 1257 2006 et'Poreius
1295 1961 1445 2018 suspi-
1532 1971 1533 1974 ’

124 2039 304 2080 cionem
337 2034 395 2076 de
427 2033 769 2077 consuetudine
801 2048 886 2091 per
916 2033 1031 2075 haec
1060 2030 1224 2087 faciat:
1473 2020 1489 2035 ⁰

266 2106 390 2147 Dum
435 2103 669 2147 lasciviam
710 2101 939 2144 nobilium
980 2112 1027 2143 et
1062 2099 1223 2147 laudes
1262 2097 1444 2142 fucosas

917 2172 1053 2230 petit,

268 2245 393 2286 Dum
424 2242 636 2286 Africani
667 2255 833 2284 vocem
865 2239 1071 2284 divinam
1102 2239 1251 2282 inhiat
1298 2238 1445 2282 avidis

916 2310 1111 2362 auribus,

270 2384 414 2436 Dum,
464 2396 515 2425 se
566 2379 623 2423 ad
668 2381 850 2423 Furium
893 2395 1093 2423 coenare
1134 2388 1182 2424 et
1222 2375 1446 2431 Laelium,

918 2448 1161 2510 pulchrum
1194 2457 1342 2508 putat,
