1676 2976
288 110 361 138 ιιο
400 105 403 108 ’
758 96 801 135 Ρ.
836 95 1135 138 TERENTI

538 246 918 298 CHREMES.
995 248 1349 302 PYTHIAS.

817 382 1073 423 Canauna

382 444 599 493 Profecto,
628 454 789 498 quanto
814 448 951 500 magis
980 448 1201 501 magisque
1230 451 1390 504 cogito,
1470 450 1541 490 111.
1571 460 1609 498 3.

380 510 590 548 Nimirum
621 508 740 548 dabit
768 508 874 549 haec
902 508 1031 549 Thais
1061 510 1161 550 mihi
1191 526 1391 568 magnum
1418 515 1591 564 malum,

379 574 442 613 Ita
469 588 539 614 me
567 583 703 613 astute
732 573 783 613 ab
814 589 862 613 ea
891 574 1021 614 video
1049 574 1358 616 labefactarier.

378 638 466 677 Iam
497 648 599 688 tum,
629 653 723 677 cum
752 641 937 692 primum
965 641 1143 679 iusserat
1173 655 1241 681 me
1270 642 1325 681 ad
1353 656 1398 682 se
1420 643 1610 693 domum,

271 702 352 754 460
377 703 520 758 Roget
548 706 663 758 quis:
694 705 798 757 quid
826 703 902 743 tibi
933 718 1028 743 cum
1048 704 1148 744 illa?
1174 720 1231 746 ne
1249 720 1401 746 noram
1422 709 1610 761 quidem.

378 767 461 806 Vbi
491 771 604 816 veni,
635 782 818 815 causam,
847 779 893 806 ut
923 768 980 806 ibi
1011 783 1245 819 manerem,
1275 773 1490 823 repperit:

374 833 460 881 Ait,
489 846 579 872 rem
608 833 795 872 divinam
823 832 990 882 fecisse,
1021 844 1062 873 et
1091 848 1181 872 rem
1210 837 1363 873 seriam

377 896 504 935 Velle
532 910 660 951 agere
688 911 869 936 mecum.
927 898 1014 936 Iam
1046 909 1132 937 tum
1163 910 1251 938 erat
1281 901 1484 952 suspicio,

376 961 494 1001 Dolo
522 960 636 1000 malo
665 959 770 1000 haec
798 961 887 1001 fieri
919 966 1075 1002 omnia.
1132 963 1226 1015 Ipsa
1255 962 1510 1003 accumbere

267 1025 348 1077 465
375 1027 564 1073 Mecum,
590 1025 693 1064 mihi
720 1040 813 1067 sese
844 1027 963 1076 dare,
990 1041 1237 1066 sermonem
1268 1041 1498 1080 quaerere;

373 1089 458 1130 Vbi
487 1090 629 1146 friget,
658 1090 739 1130 huc
768 1093 919 1131 evasit:
951 1105 1077 1143 quam
1106 1091 1273 1143 pridem
1304 1102 1427 1143 pater

373 1155 436 1194 Mi
468 1165 509 1194 et
537 1165 672 1194 mater
699 1157 855 1194 mortui
886 1155 1055 1194 essent?
1082 1179 1131 1185 —
1164 1155 1285 1193 dico:
1323 1158 1406 1194 iam
1438 1157 1523 1195 diu.
1554 1180 1607 1188 —

375 1219 461 1258 Rus
481 1219 614 1257 Sunio
636 1219 806 1273 ecquod
827 1217 1030 1258 habeam?
1059 1230 1114 1267 et,
1134 1233 1259 1272 quain
1280 1218 1410 1274 longe
1430 1235 1451 1258 a
1474 1221 1607 1259 mari?

374 1284 560 1338 (Credo,
590 1286 629 1322 ei
659 1282 830 1335 placere
859 1283 961 1328 hoc:
991 1294 1148 1336 sperat,
1168 1297 1214 1322 se
1235 1298 1256 1322 a
1278 1298 1345 1322 me
1367 1284 1603 1335 avellere;)

265 1351 344 1400 470
372 1349 614 1388 Postremo:
647 1362 780 1402 ecqua
810 1349 911 1388 inde
939 1362 1066 1401 parva
1095 1351 1289 1401 periisset
1319 1348 1471 1387 soror?

372 1414 527 1467 Ecquis
557 1426 652 1451 cum
682 1427 731 1451 ea
759 1414 871 1452 una?
899 1413 1055 1466 ecquid
1084 1411 1311 1459 habuisset,
1341 1426 1433 1450 cuni
1464 1412 1605 1464 perit?

369 1477 524 1530 Ecquis
546 1491 639 1516 eam
658 1487 805 1529 posset
822 1477 1031 1517 noscere?
1057 1500 1109 1508 —
1138 1477 1255 1515 Haec
1284 1490 1359 1514 cur
1377 1480 1603 1529 quaeritet,

368 1543 461 1582 Nisi
490 1543 524 1580 si
552 1541 623 1581 illa
651 1541 780 1591 sorte,
807 1556 918 1597 quae
948 1542 1050 1581 olim
1078 1544 1204 1594 periit
1234 1540 1424 1593 parvola,

367 1606 471 1645 Eam
499 1620 592 1646 sese
621 1608 807 1646 intendit
837 1621 943 1654 esse,
973 1617 1017 1645 ut
1047 1616 1110 1645 est
1138 1605 1343 1644 audacia?

260 1675 341 1722 475
369 1673 531 1710 Verum
560 1684 625 1719 ea,
654 1672 687 1709 si
716 1673 833 1720 vivit,
862 1684 997 1710 annos
1026 1681 1126 1709 nata
1155 1680 1215 1709 est
1245 1669 1450 1715 sedecim,

366 1735 467 1773 Non
496 1737 655 1781 maior:
684 1734 814 1774 Thais
844 1749 970 1788 quam
1002 1749 1084 1788 ego
1114 1748 1205 1773 sum
1235 1733 1467 1773 maiusqua
1497 1744 1571 1773 est.

365 1800 483 1837 Misit
510 1813 643 1851 porro
674 1813 812 1847 orare,
840 1809 886 1837 ut
913 1803 1118 1846 venirem,
1147 1801 1274 1837 serio.

365 1865 450 1902 Aut
479 1863 592 1902 dicat
620 1864 724 1917 quid
753 1863 857 1913 volt,
886 1874 958 1902 aut
987 1862 1165 1902 molesta
1194 1876 1249 1901 ne
1278 1864 1371 1901 siet.

363 1927 465 1967 Non
491 1925 634 1968 hercle
662 1930 829 1967 veniam
859 1929 998 1967 tertio.
1055 1927 1187 1976 Heus,
1216 1924 1345 1966 heus!

808 1993 1045 2033 Pvrnus.

1314 2055 1469 2110 Ecquis
1499 2054 1598 2095 hic?

802 2122 935 2160 Cani-1
951 2134 1055 2160 uns.

255 2190 335 2237 480
361 2186 453 2240 Ego
482 2199 574 2225 sum
602 2183 817 2226 Chremes.

807 2251 995 2289 ΡγτκιΑ
1007 2262 1038 2287 s.

859 2315 897 2353 Ο
930 2311 1160 2365 capitulum
1188 2312 1535 2367 lepidissumuin!

798 2379 1053 2417 Canauna

361 2442 471 2481 Dico
501 2454 598 2496 ego,
628 2440 728 2480 mihi
758 2441 847 2480 ficri
878 2441 1078 2480 insidias?

805 2507 1042 2546 eruus.

1079 2567 1209 2609 Thais
1236 2582 1431 2609 maxumo
