1676 2976
1341 107 1396 161 '49

1087 269 1205 324 Quid
1229 269 1277 309 id
1305 270 1392 309 est?

642 324 820 382 Μῖἒῦιε.

179 403 314 441 Orare
342 402 477 450 iussit,
506 402 543 440 si
567 414 615 439 se
643 412 770 448 ames,
798 397 915 448 [ιρι-α,
942 400 1027 438 iam
1051 408 1100 437 ut
1126 397 1183 438 ad
1206 408 1300 455 sese
1319 410 1391 437 ve-

796 465 909 502 nias:
1183 458 1218 491 &c

176 530 340 570 Videre
369 531 427 568 ait
455 539 497 567 te
528 541 699 580 cupere.

576 593 881 630 Pimpnxnvs.

492 659 496 662 ’
527 653 638 703 Vah,
665 656 798 706 perii!
829 651 913 691 hoc
938 651 1095 691 malum
1122 655 1385 707 integrascit!

174 721 341 758 Siccine
376 733 444 758 me
486 728 612 771 atque
647 717 764 756 illam
802 728 934 767 opera
972 727 1042 754 tua
1069 729 1183 756 nunc
1210 720 1388 758 miseros

797 778 1036 817 sollicitari!

70 848 148 887 660
174 849 282 887 Nam
312 847 474 885 idcirco
503 857 717 898 arcessor,
753 845 923 893 nuptias
953 844 1073 896 quod
1105 846 1163 883 mi
1193 845 1388 897 adparari

795 908 938 945 sensit.

586 972 868 1010 CuAnlnvs.

178 1036 283 1092 Quis
313 1036 487 1090 quidem
514 1047 641 1088 quam
668 1032 793 1072 facile
820 1042 1019 1084 potuerat
1046 1037 1229 1088 quiesci,
1257 1038 1292 1076 si
1320 1035 1389 1076 hic

796 1098 1002 1150 quiesset!

633 1152 822 1201 DAvvsl

169 1228 276 1281 Age,
304 1229 338 1265 si
365 1225 435 1264 hic
461 1238 552 1265 non
578 1228 734 1264 insanit
761 1227 857 1264 satis
886 1238 960 1264 sua
987 1236 1156 1278 sponte,
1183 1230 1358 1285 instiga!

637 1290 816 1328 Msts.

415 1359 458 1397 3
936 1355 1076 1407 Atque
1106 1355 1266 1408 edepol

171 1419 233 1457 Ea
259 1432 327 1457 res
358 1429 434 1469 est,
460 1428 778 1471 proptereaque
805 1430 920 1457 nunc
945 1421 1100 1458 misera
1125 1422 1171 1459 in
1188 1435 1388 1463 moerore

797 1490 871 1519 est.

574 1547 882 1584 PAMPnlLvs.

912 1610 1059 1663 Mysis,

170 1674 251 1712 Per
288 1686 438 1712 omnes
476 1672 554 1712 tibi
590 1673 741 1712 adiuro
781 1673 910 1721 deos,
946 1685 1164 1725 nunquam
1199 1688 1292 1716 eam
1318 1691 1389 1716 me

798 1736 1078 1785 deserturum,

70 1800 146 1846 665
173 1802 287 1849 Non,
316 1802 351 1839 si
380 1801 613 1853 capiundos
640 1789 894 1847 tamisim
915 1813 1006 1838 esse
1024 1802 1220 1841 inimicos
1241 1815 1388 1843 omnes

410 1866 433 1883 '²
742 1880 744 1882 >
797 1862 1006 1902 homines.

175 1928 295 1966 Hanc
330 1929 630 1980 mi‘expetivi;
675 1929 877 1981 contigit;
927 1929 1186 1967 conveniunt
1224 1944 1387 1971 mores:

297 1995 299 1998 ⁴
795 1989 979 2039 valeant,

178 2055 262 2107 Qui
291 2057 402 2093 inter
426 2053 506 2093 nos
537 2054 762 2094 discidium
788 2053 959 2092 volunt!
1001 2052 1124 2105 hanc,
1152 2058 1233 2096 nisi
1259 2072 1388 2109 mors,

799 2119 858 2154 mi
886 2117 1046 2158 adimet
1069 2123 1221 2160 nemo!

645 2182 825 2219 Mrsxs.

176 2246 410 2297 Resipisco.

582 2309 891 2348 PAmmevs.

455 2373 557 2412 Non
583 2371 793 2423 Apollinis
821 2375 952 2427 magis
979 2388 1126 2414 verum
1154 2386 1280 2430 atque
1307 2377 1392 2418 hoc

798 2450 1048 2488 responsum
1077 2450 1158 2498 est:

178 2498 221 2534 Si
257 2500 418 2549 poterit
453 2497 567 2549 fieri,
601 2510 649 2538 ut
675 2512 731 2539 ne
757 2510 881 2552 pater
907 2515 986 2553 per
1011 2516 1082 2541 me
1109 2506 1272 2544 stetisse
1302 2519 1392 2545 cre-

802 2564 886 2614 dat,

907 2629 947 2666 D
