1676 2976
624 98 899 159 Annam.
1268 133 1273 139 .
1397 111 1426 152 9

121 223 175 263 70
199 211 324 251 Bona
352 207 496 248 dicere
527 216 570 246 et
594 205 772 246 laudare
799 204 990 245 fortunas
1018 217 1149 253 meas,

202 275 289 328 Qui
317 282 491 328 gnatum
519 270 723 311 haberem
751 269 831 327 td}
852 271 1029 324 ingenio
1056 267 1312 321 praeditum.

203 337 322 391 Quid
349 335 485 376 verbis
516 334 651 387 opus?
675 333 758 373 hac
784 322 897 374 fffina
925 333 1166 386 compulsus
1195 331 1399 373 Chremes

200 401 326 441 Vltro
356 400 411 440 ad
437 414 506 439 me
534 400 666 447 venit,
692 399 863 437 unicam
891 407 1061 452 gnatam
1088 410 1206 436 suam

202 468 311 507 Cum
341 465 443 504 dote
472 476 635 503 summa
660 461 749 501 filio
778 475 953 502 uxorem
980 472 1027 501 ut
1056 462 1199 508 daret;

124 538 174 583 75
202 531 377 581 Placuit,
407 527 643 581 despondi;
672 525 742 565 hic
767 528 926 579 nuptiis
956 525 1091 566 dictus
1121 526 1224 566 dies.

680 591 848 630 Sosus.

205 658 323 715 Quid
350 659 478 713 igitur
505 655 658 705 obstat,
688 669 762 693 cur
788 667 880 696 non
905 654 1032 694 fiant?

689 719 831 758 Simo.

467 837 469 839 ι
631 818 641 831 ⁴
1119 782 1295 823 Audies.

203 853 310 891 Fere
337 852 382 888 in
411 847 558 888 diebus
585 848 747 899 paucis,
776 845 927 900 quibus
955 845 1061 885 haec
1088 856 1181 886 acta
1209 857 1320 897 sunt,

206 914 391 970 Chrysis,
417 914 556 952 vicina
583 910 703 959 haec,
730 913 921 949 moritur.

681 975 850 1014 Sosxs.

1003 1040 1042 1079 Ο
1069 1037 1227 1078 factum
1253 1037 1387 1078 bene!

203 1102 363 1142 Beasti!
389 1104 523 1143 metui
551 1116 575 1143 a
605 1102 826 1158 Chryside.

691 1169 838 1207 Sumo.

893 1230 958 1269 Ibi
986 1241 1074 1269 tum
1100 1231 1208 1271 filius

123 1301 177 1342 80
204 1297 312 1336 Cum
338 1296 437 1346 illis,
467 1298 541 1351 qui
562 1294 773 1345 amabant,
799 1308 885 1334 una
904 1295 1051 1334 aderat
1070 1295 1270 1349 frequens
1291 1310 1426 1347 meus,

203 1360 390 1400 Curabat
415 1375 501 1400 una
527 1360 669 1409 funus,
697 1362 824 1399 tristis
853 1361 1044 1406 interim;
1069 1391 1071 1393 ,

202 1426 524 1479 Nonnunquam
553 1424 907 1464 conlacrumabat.
938 1423 1099 1463 Placuit
1120 1434 1207 1463 tum
1226 1425 1273 1464 id
1298 1423 1425 1464 mihi:

204 1489 274 1528 Sic
303 1488 564 1543 cogitabam:
594 1487 662 1527 hic
688 1502 845 1540 parvae
874 1489 1194 1530 consuetudinis

207 1554 343 1593 Causa
370 1552 493 1592 huius
522 1563 706 1592 mortem
735 1563 820 1591 tarn
846 1551 931 1592 fert
957 1553 1241 1600 familiariter:

126 1622 178 1669 85
208 1617 340 1671 Quid,
368 1619 402 1656 si
430 1620 523 1669 ipse
553 1617 758 1656 amasset?
785 1617 854 1655 hic
882 1618 987 1670 quid
1015 1618 1119 1656 mihi
1137 1618 1268 1658 faciet
1291 1618 1429 1671 patri?

205 1682 323 1720 Haec
347 1694 428 1736 ego
455 1681 656 1734 putabam
686 1695 775 1720 esse
806 1684 949 1720 omnia
976 1681 1148 1722 humani
1175 1685 1323 1736 ingeni

206 1746 507 1799 Mansuetique
538 1747 666 1785 animi
697 1744 850 1784 officia.
908 1746 1026 1799 Quid
1052 1747 1192 1786 multis
1222 1748 1395 1786 moror?

206 1810 389 1864 Egomet
415 1823 587 1864 quoque
617 1812 704 1849 eius
735 1823 858 1848 causa
886 1812 932 1849 in
958 1810 1083 1850 fimus
1111 1812 1297 1865 prodeo,

206 1873 279 1913 Nil
305 1876 519 1927 suspicans
549 1876 676 1914 etiam
702 1873 817 1913 mali.

684 1939 853 1978 SosxA.

852 2002 977 2050 Her'n,
1005 2002 1110 2056 quid
1135 2003 1183 2042 id
1210 2005 1300 2043 est?

702 2066 848 2104 Stmo.

1301 2133 1429 2173 Scies.

135 2204 187 2244 90
212 2189 418 2238 Effertur;
446 2194 567 2231 imus.
620 2191 788 2231 Interea
815 2192 927 2231 inter
952 2193 1165 2244 mulieres,

214 2257 336 2310 Quae
364 2255 423 2294 ibi
443 2256 635 2306 aderant,
664 2255 776 2296 forte
797 2256 989 2309 adspicio
1018 2271 1161 2310 unam,
1181 2259 1431 2303 adolescen-

904 2318 1079 2371 tulam,³‘'

210 2385 364 2425 Forma
377 2415 386 2423 .
398 2415 408 2425 .
420 2414 429 2423 .
444 2414 453 2422 .

692 2448 858 2487 Sosu.

478 2514 598 2551 Bona
625 2510 815 2551 fortasse.
