1676 2976
76 0 246 39 ww*
421 0 455 45 ,ἦ

314 89 1160 132 HEAVTONTIMORVMENOS.
1332 97 1409 136 203

654 192 824 231 SYRV&
995 185 998 190 ’

182 254 321 294 Et....

645 321 846 359 Cum.

370 382 541 423 Scilicet
569 385 654 422 iam
681 396 750 421 me
779 381 863 420 hoc
890 379 1007 420 voles
1034 390 1200 432 patrem
1230 393 1407 419 exorare

813 455 859 483 ut
889 444 999 484 celet

186 510 401 548 Vostrum.

659 575 832 613 Srnvs
920 618 926 621 q

290 636 396 683 Imo,
424 641 491 675 uti·
513 648 630 677 recta
658 640 724 676 via
752 651 843 676 rem
868 647 1012 676 narret
1040 637 1192 676 ordine
1222 650 1406 676 omnem.

646 702 841 740 Cmmi.

1273 764 1404 802 Hem!

81 825 160 871 655
188 827 317 866 Satin'
348 841 472 867 sanus
503 842 547 867 es
577 839 647 866 aut
666 828 859 868 sobrius?
887 837 931 866 tu
950 826 1122 880 quidem
1142 825 1259 865 illum
1278 826 1407 879 plane

812 891 983 945 prodis:

188 955 297 992 Nam
327 958 399 1008 qui
427 955 499 995 ille
526 959 685 1008 poterit
716 970 808 994 esse
837 958 881 993 in
910 954 1030 992 tuto?
1059 954 1127 992 dic
1155 953 1285 992 mihi?

660 1020 833 1058 Srnv&

187 1081 296 1120 Huic
326 1084 500 1136 quidem
529 1083 709 1122 consilio
737 1082 923 1134 palmam
953 1082 1026 1129 do,
1054 1080 1138 1120 hoc
1157 1097 1225 1121 me
1246 1086 1407 1137 magni-

810 1146 890 1184 fice
920 1139 1070 1194 effero,

189 1210 288 1248 Vim
317 1211 389 1263 qui
418 1218 575 1247 tantam
604 1208 783 1248 habeam
811 1220 854 1248 et
879 1219 1137 1261 potestatem
1166 1213 1210 1248 in
1228 1224 1298 1263 me
1317 1221 1407 1250 tan·

811 1283 895 1311 tam
924 1276 1116 1322 astutiae,

187 1337 301 1375 Vera
330 1336 517 1375 dicendo
547 1346 593 1374 ut
621 1350 695 1375 eos
725 1336 872 1376 ambos
901 1336 1060 1386 fallam,
1089 1347 1157 1385 ut,
1188 1351 1283 1375 cum
1310 1352 1407 1376 nar-

810 1411 875 1440 ret
903 1414 1032 1440 senex

79 1462 158 1502 660
184 1464 342 1502 Voster
367 1472 533 1512 nostro,
562 1477 653 1502 esse
682 1465 804 1502 istam
833 1467 1011 1503 amicam
1040 1467 1172 1519 gnati,
1199 1478 1291 1504 non
1319 1480 1407 1505 cre-

815 1528 889 1567 dat
917 1539 1071 1567 tamen.

641 1593 851 1631 (ΒΗΜΛ.

185 1655 241 1693 At
261 1657 374 1693 enirn
392 1669 512 1707 spem
534 1658 641 1695 istoc
662 1666 791 1708 pacto
811 1670 952 1695 rursus
972 1658 1216 1708 nuptiarum
1237 1670 1409 1696 omnem

811 1722 964 1771 efipss:

188 1784 298 1822 Nam
335 1783 436 1822 dum
474 1786 652 1822 amicam
690 1782 799 1823 hanc
827 1797 965 1821 meam
994 1797 1085 1822 esse
1115 1783 1282 1832 credet,
1318 1797 1410 1825 non

814 1849 1050 1885 committet
1076 1846 1216 1886 filiam.

190 1909 257 1948 Tu
283 1910 487 1960 fortasse,
521 1925 591 1952 me
625 1910 730 1964 quid
765 1910 856 1957 fiat,
893 1912 1033 1961 parvi,
1072 1910 1172 1948 dum
1207 1910 1270 1949 illi
1308 1925 1410 1952 con-

811 1974 933 2013 sulas.

663 2037 834 2076 Svnvs.
932 2052 934 2055 ’

190 2101 330 2154 Quid,
366 2100 547 2139 malum?
576 2115 650 2140 me
687 2111 870 2140 aetatem
890 2108 1054 2140 ‘censes
1088 2101 1198 2141 velle
1226 2102 1272 2140 id
1299 2102 1408 2142 adsi-

811 2165 1038 2204 mularier?

84 2230 162 2275 665
189 2230 309 2268 Vnus
340 2237 403 2267 est
432 2228 537 2277 djes,
568 2228 669 2267 durn
706 2239 927 2284 argentum
963 2230 1125 2281 eripio:
1161 2232 1262 2281 pax!
1300 2228 1409 2268 nihil

815 2293 1007 2345 amplius.

648 2357 854 2396 CLINIA.

192 2421 377 2460 Tantum
405 2429 467 2460 sat
495 2417 651 2460 habes?
679 2420 798 2473 Quid
826 2430 927 2468 tum,
956 2433 1131 2473 quaem,
1161 2422 1196 2459 si
1224 2418 1307 2459 hoc
1334 2434 1409 2473 pa-

816 2494 882 2525 ter
907 2484 1151 2523 resciverit?
