1676 2976
139 0 254 24 '‘7⁷2''
348 0 429 19 *N*
1178 0 1198 10 ἡ
1275 0 1307 21 ff

575 108 882 150 ADELPHI.
1046 115 1103 168 ἐξίῃ
1130 134 1147 150 2
1185 134 1187 137 -
1219 157 1222 159 Α
1318 108 1393 159 267

640 210 826 249 Hssoto.

1184 276 1200 320 ,”
1259 272 1389 312 Hem!

173 341 386 379 Numnam
417 339 504 388 illa,
533 352 708 392 quaem,
735 336 946 389 parturit?
1190 323 1204 338 Ὗ

654 403 811 440 Gara.

947 465 1091 514 Certe,
1117 464 1273 519 Hegio.

646 529 830 568 Hnoio.

1264 595 1395 633 Hem!

176 659 306 698 Illaec
334 659 463 698 fidem
490 661 606 696 'nunc
634 666 818 694 vostram
847 656 1061 708 implorat,
1088 659 1265 697 Demea.

180 724 311 777 Quod
339 727 401 762 ius
430 736 504 761 vos
535 722 663 774 cogit,
692 719 738 757 id
765 719 982 760 voluntate
1011 723 1221 773 impetret.

73 789 151 839 465
180 790 297 827 Haec
325 789 507 839 primum
525 795 572 823 ut
590 785 706 834 fiant,
726 785 831 824 deos
851 799 1027 838 quaeso,
1047 796 1095 824 ut
1113 784 1233 825 vobis
1254 785 1397 832 decen

181 854 255 890 Sin
285 852 406 890 aliter
435 853 596 891 animus
625 859 769 888 voster
796 859 873 897 est,
903 863 999 903 ego,
1026 851 1205 898 Demea,

179 918 233 954 Vi
262 929 422 955 summa
452 914 681 953 defendam
708 911 818 951 hanc
846 923 973 966 atque
999 913 1117 951 illum
1144 924 1371 953 mortuum.

182 981 397 1033 Cognatus
427 977 527 1016 mihi
557 988 666 1022 erat;
695 991 781 1015 una
808 991 832 1015 a
858 979 1002 1029 pueris
1029 978 1214 1030 parvolis

184 1045 332 1081 Sumus
364 1043 639 1087 eductiyuna
666 1054 836 1092 semper
861 1042 1038 1081 militiae
1068 1053 1110 1081 et
1139 1043 1256 1081 domi

76 1113 155 1159 470
182 1108 371 1151 Fuimus;
401 1116 695 1158 paupertatem
722 1118 807 1143 una
833 1105 1082 1156 pertuIImus
1111 1120 1302 1160 gravem:

185 1173 461 1223 Quapropter
487 1173 613 1218 nitar,
641 1169 809 1217 faciam,
839 1172 1045 1221 experiar,
1075 1170 1263 1222 denique

181 1237 376 1273 Animam
403 1233 641 1285 relinquam
666 1235 810 1284 potius
840 1246 967 1287 quam
994 1233 1085 1272 illas
1116 1234 1328 1275 deseram!

183 1297 301 1351 Quid
326 1295 429 1334 mihi
456 1296 721 1349 respondes?
774 1324 777 1326 >

646 1362 836 1400 Duum.

735 1425 924 1464 Fratrem
953 1427 1220 1476 conveniam,
1246 1427 1402 1481 Hegio.

651 1488 841 1528 Ηεοιο.

184 1553 272 1600 Set,
298 1553 478 1601 Demea,
505 1550 590 1591 hoc
618 1562 664 1592 tu
689 1551 821 1596 Eacito
852 1567 947 1591 cum
975 1557 1118 1593 animo
1149 1558 1333 1609 cogites:

80 1622 157 1669 475
187 1619 325 1669 Quam
354 1629 429 1654 vos
457 1614 839 1672 facillumesagitis,
868 1631 993 1669 quam
1025 1620 1121 1656 estis
1149 1632 1342 1658 maxume

185 1683 400 1727 Potentes,
429 1680 553 1728 dites,
581 1678 801 1730 fertilitati,
828 1679 1011 1729 nobiles,

185 1746 292 1783 Tam
320 1757 512 1782 maxume
540 1757 615 1782 vos
643 1756 783 1796 aequo
813 1746 955 1782 animo
984 1758 1120 1798 aequa
1146 1761 1327 1789 noscere

189 1810 389 1860 Oportet,
418 1810 451 1846 si
481 1822 554 1846 vos
582 1806 707 1846 voltis
733 1806 951 1859 perhiberi
978 1808 1153 1861 probos.

646 1872 842 1910 Dmnzi.

188 1937 369 1975 Redito:
399 1935 515 1983 fient,
544 1948 653 1988 quae
683 1949 866 1988 aequom
893 1935 984 1975 fieri
1014 1947 1090 1986 est,
1119 1942 1275 1979 omnia.
1381 1928 1399 1939 ’

650 2000 841 2039 Ηεοιο.

84 2070 163 2116 480
189 2066 326 2103 Decet
354 2074 396 2102 te
424 2063 578 2102 facere.
608 2063 732 2112 Geta,
762 2063 845 2102 duc
871 2078 940 2103 me
957 2066 1072 2104 intro
1092 2066 1147 2105 ad
1165 2067 1407 2108 Sostratam.

647 2129 840 2166 Damni.

189 2194 291 2231 Non
310 2205 378 2230 me
397 2191 614 2230 indicente
634 2191 740 2231 haec
756 2191 873 2230 fiunt.
910 2194 1083 2232 Vtinam
1102 2192 1184 2235 hoc
1202 2197 1256 2235 sit
1273 2197 1406 2238 modo

190 2257 471 2295 Defunctum!
501 2270 648 2295 verum
675 2258 805 2294 nimia
833 2255 957 2294 illaec
983 2255 1157 2297 licentia

192 2320 392 2359 Profecto
423 2320 574 2359 evadet
602 2322 647 2358 in
676 2319 852 2372 aliquod
878 2334 1079 2374 magnum
1105 2323 1275 2363 malum.

190 2384 282 2431 Ibo,
310 2386 522 2437 requiram
549 2383 736 2431 fratrem,
764 2393 811 2421 ut
836 2385 883 2423 in
910 2398 1007 2423 eum
1033 2383 1138 2425 haec
1166 2401 1373 2429 evomam.

33 2500 36 2503 ἢ
656 2449 839 2488 Ηεῦιο.

59 2517 63 2521 ’
86 2515 165 2561 435
270 2513 394 2550 Bono
424 2514 566 2551 animo
593 2511 661 2551 fac
686 2515 766 2561 sis,
795 2513 1004 2563 Sostrata,
1042 2524 1085 2554 et
1110 2517 1255 2566 istam,
1289 2517 1410 2571 quod

812 2587 952 2628 potes,
