1676 2976
538 110 920 151 EVNVCHVS.
1155 156 1167 161 Α,
1319 121 1394 167 145

165 207 429 258 Eunuchum,
457 224 584 264 quem
614 211 732 249 dono
762 210 859 251 huic
887 211 1019 252 daret.

618 275 654 312 L
665 288 690 312 A
700 287 724 312 c
735 288 762 312 n
772 288 794 313 E
802 288 834 314 s.

1084 340 1191 381 Cui?

602 403 660 441 Pi
670 417 696 441 a
706 415 738 441 u
747 415 771 442 Β
781 415 809 441 Ν
818 415 858 441 o.

1080 475 1125 522 ξι
1215 466 1384 509 Thaidi.
1449 492 1455 498 ·

349 551 372 575 x
616 530 650 567 L
660 543 683 566 A
696 542 754 567 cu
764 544 787 567 E
796 543 827 567 s.

163 590 299 628 Emit?
326 592 435 642 perii
462 589 626 630 hercle!
659 592 833 644 quanti?

495 655 499 657 ’
597 657 654 695 ΡΑ
663 670 690 695 ιι
699 669 731 693 Μ
741 671 763 694 ε
772 670 798 694 Ν
809 669 849 695 o.

860 722 1023 774 Viginti
1049 723 1187 761 minis.

614 784 648 821 L
657 796 683 820 A
693 795 715 820 c
726 796 751 820 u
761 796 783 821 ε
795 796 827 822 s.

163 845 314 883 Actum
345 848 425 883 est!

594 909 652 947 Pi
662 922 688 947 n
698 922 729 946 M
740 923 761 948 ε
774 924 800 947 Ν
811 922 851 948 ο.

283 973 393 1010 Tum
413 972 624 1026 quandam
642 971 858 1011 fidicinam
877 983 988 1012 amat
1007 971 1107 1013 hinc
1126 973 1333 1016 Chaerea.
1347 1008 1356 1017 .
1370 1009 1379 1018 .

611 1037 645 1075 L
656 1050 682 1074 A
692 1049 714 1074 c
724 1048 780 1074 HE
791 1050 822 1075 s.

790 1136 794 1137 ⁷
1255 1105 1380 1155 Hem,

57 1168 134 1214 930
164 1161 310 1214 Quid?
336 1161 475 1200 amat?
500 1174 555 1200 an
581 1164 666 1201 iam
693 1166 771 1203 scit
798 1163 887 1212 ille,
916 1165 1022 1217 quid
1047 1168 1246 1206 meretrix
1272 1170 1380 1208 siet?

159 1227 225 1264 An
253 1228 298 1264 in
325 1235 416 1264 astu
443 1226 585 1264 venit?
613 1226 730 1265 aliud
758 1241 807 1266 ex
836 1227 919 1267 alio
949 1229 1126 1267 malum!

261 1294 265 1296 '
593 1291 683 1328 PAR
692 1304 724 1328 u
734 1305 757 1329 E
768 1306 796 1330 Ν
808 1305 847 1330 ο,

158 1353 285 1402 Here,
312 1365 368 1391 ne
386 1366 456 1391 me
478 1363 666 1405 spectes:
695 1368 763 1392 me
782 1355 1014 1407 impulsore
1033 1354 1139 1396 haec
1157 1371 1248 1398 non
1265 1358 1379 1402 facit.

609 1418 821 1457 LAcuE&

161 1481 321 1519 Omitte
351 1480 405 1519 de
434 1490 476 1519 te
505 1481 662 1520 dicer-e.
690 1505 741 1512 —
768 1482 861 1537 Ego
891 1493 948 1532 te,
975 1482 1164 1535 furcifer,

158 1544 201 1582 Si
214 1546 324 1583 vivo.
336 1574 345 1583 .
360 1547 369 1582 Ξ
382 1568 434 1575 --
452 1545 538 1584 Sed
552 1548 674 1594 istuc,
692 1546 903 1600 quidquid
921 1558 996 1596 est,
1014 1551 1197 1601 primum
1211 1553 1375 1604 expedi.

591 1610 841 1649 Pium-:na

56 1676 132 1723 955
158 1671 196 1710 Is
225 1685 305 1724 pro
333 1671 407 1710 ille
437 1672 632 1711 eunucho
662 1674 718 1712 ad
745 1674 956 1714 Thaidem
973 1674 1056 1715 huc
1076 1677 1281 1719 deductus
1302 1690 1375 1720 est.

611 1738 677 1775 LA
686 1751 708 1775 c
717 1751 743 1775 u
753 1752 776 1776 E
788 1752 820 1777 s.

162 1798 243 1837 Pro
274 1797 543 1838 eunuchon’?

593 1864 685 1902 Pin
694 1878 757 1903 nn
767 1879 795 1904 Ν
806 1879 846 1905 ο.

555 1926 624 1964 Sic
653 1938 726 1966 est.
756 1929 881 1967 Hunc
907 1943 989 1981 pro
1017 1928 1199 1970 moecho
1226 1942 1378 1984 postea

163 1988 484 2040 Comprendere
511 1991 623 2028 intus
653 2001 694 2029 et
723 1996 1023 2033 constrinxere.

609 2056 678 2093 LA
688 2068 711 2093 c
723 2070 750 2094 Η
759 2071 782 2095 ε
795 2071 825 2095 s.
1148 2106 1155 2110 ,

1074 2120 1248 2167 Occidi!

162 2179 395 2218 Audaciam
421 2183 690 2219 meretricum
718 2186 882 2234 specta!
911 2185 1131 2238 Numquid
1158 2178 1272 2234 *
1287 2198 1292 2202 ’

161 2242 291 2280 Aliud
318 2241 417 2280 mali
447 2243 657 2294 damnive,
686 2246 805 2298 quod
831 2260 923 2287 non
950 2248 1118 2298 dixeris,

58 2310 135 2359 940
161 2306 403 2344 Relictum?

593 2373 650 2411 ΡΑ
659 2386 685 2411 n
694 2385 726 2410 Μ
735 2386 758 2411 ε
769 2386 846 2412 Νο-

440 2427 624 2474 Tanaim
654 2446 726 2474 est.
