1676 2976
434 0 463 18 ‘U'
473 0 484 4 “
627 0 647 9 ¹*
701 0 718 15 ¹

492 33 506 43 ,γ

539 110 915 153 EVNVCHVS.
1341 120 1392 165 93

327 203 356 258 ᾖ.
616 214 847 253 ΟΝΑτΗο.

169 276 248 314 Sex
277 289 359 330 ego
390 287 429 315 te
459 286 594 323 totos,
633 277 862 324 Parmeno,
899 275 976 314 hos
1006 288 1172 315 menses
1202 278 1391 329 quiettun

793 338 986 386 reddam,

163 405 230 442 Ne
261 417 422 442 sursum
455 404 656 442 deorsum
688 405 876 450 cursites,
903 416 1012 442 neve
1030 417 1163 458 usque
1183 404 1239 443 ad
1254 403 1393 443 lucem

799 465 967 520 vigiles:

172 531 339 585 Ecquid
366 530 450 571 beo
480 531 547 569 te?

603 595 850 633 mammo.

498 653 502 655 ’
537 657 685 697 Men'?
713 659 872 708 papae!

611 722 792 761 Gustu
804 732 843 758 0.

859 782 929 821 Sic
960 782 1083 823 soleo
1114 787 1285 825 amicos.

604 841 861 889 Pannano.

830 923 852 938 Χ
1227 912 1391 952 Laudo.

613 974 846 1012 GNA'rno.

63 1044 141 1083 230
168 1039 355 1076 Detineo
386 1047 427 1076 te
454 1036 660 1076 fortasse?
687 1036 774 1074 tun’
803 1036 1021 1086 profectus
1051 1036 1135 1076 alio
1163 1037 1303 1077 fueras
1316 1038 1336 1085 3

604 1101 856 1139 Pmmnuo.

532 973 544 990 Ι

162 1165 392 1217 Nusquam.

611 1230 847 1268 Gnnno.

425 1292 536 1330 Tum
566 1301 611 1330 tu
637 1294 769 1347 igitur
794 1290 1013 1344 paululum
1043 1292 1096 1331 da
1122 1294 1182 1330 mi
1212 1307 1390 1346 operae:

800 1355 869 1394 fac
894 1365 942 1393 ut
968 1356 1177 1396 admittar.

602 1420 857 1458 Panno.

165 1482 257 1535 Age
284 1482 443 1522 modo!
482 1495 598 1522 nunc
628 1481 705 1520 tibi
732 1481 839 1521 haec
864 1493 1015 1534 patent
1041 1483 1179 1534 fores,
1218 1487 1318 1538 quia
1342 1486 1392 1524 il-

789 1546 883 1585 lam>
905 1547 1036 1586 ducis.
1064 1568 1118 1579 —

610 1612 843 1651 Gnnuo.

162 1675 275 1712 Num
306 1687 432 1728 quem
465 1677 634 1713 evocari
662 1674 761 1712 hinc
788 1677 851 1713 vis
880 1674 1021 1741 fogas?

598 1741 852 1778 PARMENO.

675 1802 776 1839 Sine
807 1801 986 1840 biduum
1014 1800 1099 1840 hoc
1125 1813 1389 1854 praetereat:

163 1865 247 1916 Qui
285 1863 389 1902 mihi
426 1878 541 1903 nunc
576 1878 665 1903 uno
705 1865 887 1918 digitulo
924 1865 1062 1904 forem
1092 1869 1229 1918 aperis
1258 1867 1394 1906 fortu-

788 1939 926 1978 natus,

59 1998 134 2037 235
162 1993 254 2030 Nae
290 2002 335 2029 tu
372 1994 494 2030 istam
534 1993 630 2031 faxo
669 1990 851 2029 calcibus
887 2006 1016 2045 saepe
1050 1995 1271 2035 insultabis
1301 1996 1387 2036 fru-

791 2066 887 2094 stra.
916 2080 969 2087 —

605 2120 644 2158 G
656 2133 716 2158 NA
726 2133 751 2157 T
761 2134 788 2157 H
803 2133 842 2158 ο.

162 2181 271 2231 Eho,
302 2185 428 2221 etiam
456 2192 501 2220 tu
527 2181 597 2221 hic
623 2193 720 2230 stas,
750 2184 985 2224 Parmeno?
1011 2198 1213 2226 numnam
1231 2186 1301 2227 hic
1322 2202 1389 2228 re·-

787 2247 910 2287 lictus
940 2259 1095 2298 custos,

161 2310 227 2348 Ne
256 2312 348 2363 quis
378 2311 490 2350 forte
518 2312 802 2350 internuntius
833 2312 939 2350 clam
968 2327 993 2352 a
1019 2313 1153 2353 milite
1182 2315 1238 2354 ad
1264 2317 1387 2355 istam

792 2376 954 2415 curset?

596 2439 851 2477 PAnmnno.

160 2501 313 2539 Facete
344 2502 522 2540 dictum!
552 2504 663 2541 Mira
690 2516 810 2551 vero,
836 2503 961 2541 militi
989 2517 1098 2557 quae
1124 2505 1345 2556 placeant!

162 2565 233 2602 Set
261 2563 437 2604 herilem
464 2566 593 2606 video
621 2565 753 2605 filium
779 2570 991 2607 minorem
1019 2567 1102 2606 huc
1131 2567 1345 2610 advenire.
