1676 2976
553 86 925 153 EvachVS.
1348 110 1403 152 39

81 221 154 259 170
180 208 365 259 Perpeti‚
394 220 450 246 ne
479 206 653 247 redeam
680 200 879 246 interea-’¹

615 272 871 311 Pin-nuo.
903 272 915 285 ²

736 333 886 373 Tene?
911 346 1002 372 non
1028 329 1170 371 hercle
1198 330 1400 371 arbitror:

180 401 290 438 Nam
319 408 387 436 aut
418 400 499 436 iam
528 408 768 446 revortere,
803 407 874 436 aut
901 410 999 435 mox
1025 405 1158 435 noctu
1185 405 1227 434 te
1255 395 1401 450 adiget

809 460 981 500 horsum
1007 460 1230 498 insomnia.

606 527 674 565 Pu
688 539 780 563 ,nan
793 538 841 563 R!
850 538 886 563 A.

186 592 305 643 Opus
335 590 501 638 faciam,
529 599 575 628 ut
604 589 816 643 defetiger
842 600 992 640 usque,
1018 589 1209 641 ingratiis
1235 598 1284 627 ut
1305 588 1404 628 dor-

807 653 949 691 miam.

478 762 481 763 ⁷
529 725 568 748 e·
619 716 871 755 Pramo.
898 728 900 730 ·

187 781 394 835 Vigilabis
418 766 683 827 w'floc
707 774 811 831 βω
831 777 975 816 facies.

606 843 883 881 ΡΗΑι-ῑυιιιᾼ.

832 902 912 952 Ah,
940 904 1001 942 nil
1031 904 1150 953 dicis,
1180 906 1410 946 Parmeno:

190 971 413 1010 Eiiciunda
442 945 583 1009 hercle
620 967 725 1007 haec
761 977 824 1006 est
858 967 1057 1006 mollities
1098 971 1248 1007 animi'
1285 973 1409 1010 nimis

811 1045 882 1070 me
909 1031 1130 1085 indulgeo.

88 1105 159 1149 175
187 1098 381 1138 Tandem
408 1110 464 1136 ne
493 1110 574 1150 ego
601 1095 674 1134 illa
703 1109 893 1144 caream,
929 1098 963 1133 si
990 1097 1044 1134 sit
1072 1109 1204 1148 opus,
1242 1090 1314 1137 velv
1347 1108 1412 1138 to-

823 1169 911 1197 tum
939 1159 1153 1198 triduum?

628 1226 883 1264 Panmnno.

1191 1290 1291 1338 Hui,

194 1355 450 1393 Vnivorsum
478 1352 692 1392 triduum?
718 1351 833 1399 vide,
862 1351 967 1403 quid
994 1365 1104 1406 agas.

617 1418 892 1456 PHAEDluA.

1077 1481 1167 1521 Stat
1194 1484 1417 1522 sententia.

630 1544 833 1582 Pinum
846 1557 886 1582 0.
1141 1592 1148 1598 ·

196 1608 252 1646 Di
288 1606 418 1656 boni,
463 1607 568 1659 quid
600 1605 684 1646 hoc
722 1607 861 1647 morbi
899 1608 988 1647 est?
1034 1609 1188 1648 adeon’
1228 1608 1422 1651 homines

823 1675 1086 1711 immutarier

199 1734 260 1772 Ex
295 1747 464 1783 amore,
499 1745 547 1773 ut
572 1748 665 1774 non
694 1749 927 1790 cognoscas
959 1737 1144 1775 eundem
1182 1738 1302 1776 esse?
1337 1737 1422 1778 hoc

828 1813 958 1838 nemo
986 1798 1067 1836 fuit

202 1862 344 1901 Mitius
372 1863 556 1914 ineptus,
582 1865 717 1916 magis
744 1877 929 1910 severus,
959 1865 1195 1916 quisquam,
1228 1877 1311 1905 nec
1336 1881 1426 1906 ma-

827 1940 880 1979 ge
901 1936 1147 1966 continens.

107 1995 180 2035 180
207 1989 279 2027 Set
306 1990 398 2041 quis
426 1988 494 2027 hic
523 1999 607 2038 est,
647 1992 719 2042 qui
755 1989 836 2027 huc
870 1990 1040 2043 pergit?
1077 2014 1127 2020 —
1172 1992 1310 2031 Attat!
1358 1995 1429 2034 hic

727 2053 901 2105 quidem
931 2063 992 2091 est
1018 2057 1225 2105 parasitus
1255 2056 1428 2097 Gnatho

210 2114 381 2160 Militis;
421 2115 537 2176 dtrcit
572 2129 715 2155 secum
742 2130 825 2155 una
854 2119 1062 2170 virginem
1090 2118 1208 2157 dono
1237 2117 1347 2158 huic.
1376 2144 1429 2153 -

831 2182 985 2232 Papae,

210 2243 336 2281 Facie
364 2241 565 2281 honesta!
603 2245 779 2293 mirum,
814 2247 859 2283 ni
888 2258 969 2298 ego
997 2258 1067 2284 me
1094 2249 1273 2298 turpiter
1298 2246 1429 2288 hodie

834 2306 903 2346 hic
932 2308 1045 2347 dabo

217 2370 324 2409 Cum
352 2382 450 2408 meo
481 2370 702 2423 decrepito
733 2370 947 2410 eunucho:
978 2370 1084 2412 haec
1109 2383 1280 2425 superat
1296 2376 1433 2426 ipsam

838 2433 1060 2474 Thaidem.

624 2573 910 2592 -——-——
