1676 2976
287 140 363 182 23ss
759 136 803 175 P.
841 134 1140 176 TERENTI

823 256 1071 307 MlCIO.

389 380 438 389 —
468 357 638 395 Storax!
669 379 722 386 —
756 356 859 396 Non
893 355 1024 395 rediit
1051 355 1131 394 hac
1158 366 1288 396 nocte
1317 372 1338 397 a
1370 372 1504 398 coena
1536 361 1615 397 Ae-

417 420 421 424 '
1014 417 1185 459 schinus
1518 423 1545 461 1.
1584 437 1613 462 ι.

389 485 541 536 Neque
570 482 838 524 servolorum
867 485 1116 537 quisquam,
1156 486 1227 537 qui
1267 484 1491 526 advorsum
1530 491 1615 526 ive-

1017 556 1124 586 rant.

385 610 584 650 Profecto
615 609 696 650 hoc
725 624 825 651 vere
856 609 1023 648 dicunt:
1054 612 1088 648 si
1119 609 1228 650 absis
1258 614 1437 664 uspiam,

386 676 467 714 Aut
499 674 569 713 ubi
598 677 634 714 si
663 688 815 722 cesses,
847 676 1018 714 evenire
1047 676 1175 714 satius
1206 685 1283 723 est,

331 745 357 784 5
387 739 508 792 Quae
536 741 583 779 in
611 749 652 778 te
682 752 788 777 uxor
818 738 919 777 dicit
950 747 991 776 et
1019 752 1129 792 quae
1159 740 1203 778 in
1233 742 1377 779 animo
1409 744 1570 796 cogitat

383 802 508 852 Irata,
538 816 665 857 quam
694 801 781 850 illa,
811 815 920 854 qnae
949 812 1149 854 parentes
1178 806 1371 855 propitii.

384 869 516 916 onr,
545 870 579 907 si
610 880 762 914 cesses,
793 877 864 904 aut
893 876 933 904 te
964 879 1106 905 amare
1136 869 1311 920 cogitat,

382 932 467 972 Aut
496 941 582 970 tete
611 933 758 978 amari,
787 940 858 969 aut
886 940 1038 982 potare
1068 940 1195 983 atque
1227 933 1370 970 animo
1401 931 1596 986 obsequi,

383 996 434 1034 Et
463 994 536 1034 tibi
568 994 679 1035 bene
710 1008 801 1034 esse
829 995 926 1040 soli,
956 993 1036 1033 sibi
1068 1008 1162 1033 cum
1191 997 1243 1034 sit
1272 994 1404 1041 male:

310 1072 356 1099 10
382 1060 489 1114 EgO,
519 1062 615 1113 quia
647 1073 737 1099 non
766 1059 895 1098 rediit
923 1058 1047 1107 filius,
1077 1072 1187 1112 quae
1219 1061 1376 1113 cogito,

384 1123 548 1177 Quibus
577 1122 788 1163 sollicitor
816 1122 957 1170 rebus,
986 1136 1043 1161 ne
1075 1133 1147 1161 aut
1181 1122 1360 1171 illiserit,

380 1188 465 1226 Aut
492 1190 657 1240 uspiam
685 1200 800 1227 nunc
830 1186 1049 1233 ceciderit,
1078 1197 1149 1225 aut
1179 1189 1461 1242 praefregerit

380 1251 578 1305 Aliquid!
609 1276 661 1283 —
691 1249 799 1300 vah,
829 1265 1144 1304 quemquamne
1165 1249 1383 1291 hominem
1404 1254 1448 1290 in
1469 1255 1612 1292 animo

1010 1317 1231 1354 instituere
1261 1326 1331 1353 aut

335 1416 339 1420 ,
383 1381 552 1428 Parare,
583 1379 703 1433 quod
730 1380 784 1418 sit
814 1381 948 1418 carius
978 1393 1104 1433 quam
1134 1382 1248 1432 ipsus
1278 1378 1379 1417 sibi!
1411 1402 1464 1408 —
1493 1381 1553 1417 Ac

305 1450 351 1489 15
379 1445 481 1483 Non
511 1458 559 1483 ex
589 1458 656 1483 me
684 1453 823 1492 natus,
853 1444 990 1483 fratris
1021 1441 1090 1482 hic
1120 1453 1194 1483 est.
1251 1443 1375 1482 Adeo
1406 1444 1439 1481 is
1471 1454 1531 1481 est

378 1508 603 1547 Dissimilis
633 1508 799 1546 studio:
829 1521 926 1547 nam
959 1507 1060 1547 inde
1089 1506 1141 1547 ab
1171 1506 1462 1545 adolescentia

376 1573 469 1627 Ego
499 1570 608 1611 hanc
639 1571 894 1611 clementem
924 1574 1051 1611 vitam
1080 1570 1285 1610 urbanam
1316 1582 1443 1625 atque
1475 1574 1607 1611 otium

379 1639 555 1676 Secutus
584 1650 676 1675 sum
706 1645 762 1682 et,
794 1636 914 1689 quod
942 1636 1204 1675 fortunatum
1235 1637 1300 1675 isti
1330 1645 1495 1688 putant,

378 1703 566 1740 onrem
594 1713 809 1754 nunquam
842 1698 991 1745 haban
1022 1699 1095 1739 ille
1124 1710 1272 1738 contra
1301 1696 1407 1738 haec
1435 1702 1594 1748 omnin,

299 1779 349 1806 20
375 1766 478 1805 Ruri
508 1778 636 1819 agere
665 1766 791 1805 vitam
820 1778 1004 1817 semper,
1033 1777 1162 1816 parce
1192 1777 1241 1803 ac
1271 1763 1436 1816 duriter

378 1831 431 1868 Se
461 1828 639 1876 habere;
668 1843 844 1867 uxorem
874 1828 1013 1874 duxit:
1041 1831 1129 1867 nati
1159 1826 1234 1867 filu
1285 1812 1404 1862 *⁴³2*

375 1895 488 1932 Duo.
517 1892 624 1933 Inde
655 1906 736 1947 ego
767 1891 878 1931 hunc
906 1895 1114 1931 maiorem
1144 1863 1492 1944 adoptnvfflh}

375 1958 510 1996 Eduxi
540 1971 562 1996 a
591 1955 788 2009 parvolo,
818 1955 961 2004 habui,
992 1958 1143 2004 amavi,
1170 1969 1254 2008 pro
1282 1965 1407 1998 meo?

375 2022 424 2061 In
454 2036 507 2061 eo
537 2036 605 2060 me
635 2020 830 2064 oblecto:
859 2018 998 2059 solum
1028 2020 1074 2059 id
1102 2031 1165 2060 est
1195 2033 1336 2059 carum
1365 2018 1481 2056 mihi.

297 2094 346 2133 25
374 2086 463 2135 Ille,
492 2097 536 2125 ut
565 2089 666 2124 item
696 2095 844 2124 contra
873 2097 941 2123 me
972 2082 1140 2134 habeat,
1167 2083 1280 2123 facio
1310 2083 1484 2123 sedulo:

373 2152 459 2200 Do,
489 2152 800 2203 praetermitto,
831 2163 918 2187 non
949 2162 1124 2188 necesse
1153 2146 1307 2195 habeo,
1338 2150 1482 2187 omnia

374 2217 456 2255 Pro
486 2229 584 2254 meo
615 2216 705 2252 iure
735 2227 884 2267 agere:
916 2224 1151 2266 postremo,
1180 2211 1251 2252 alii
1283 2211 1521 2251 clanculum

375 2282 517 2319 Patres
548 2293 657 2332 quae
686 2278 863 2326 faciunt,
893 2292 1003 2332 quae
1031 2279 1113 2318 fert
1143 2277 1450 2322 adolescentia,

373 2344 430 2382 Ea
460 2356 515 2383 ne
542 2357 611 2382 me
642 2342 751 2382 celet
781 2342 1025 2381 consuefeci
1056 2341 1199 2381 filium.
1469 2344 1494 2370 ἓ

293 2414 346 2454 30
372 2409 480 2447 Nam
510 2409 581 2460 qui
611 2408 778 2445 mentiri
809 2416 878 2444 aut
910 2406 1056 2446 fallere
1086 2406 1285 2445 institerit
1314 2414 1478 2457 patrem

375 2472 560 2516 Audere,
591 2480 708 2509 tanto
738 2474 869 2524 magis
902 2470 1074 2510 audebit
1106 2481 1286 2510 ceteros.

376 2534 544 2573 Pudore
575 2544 614 2573 et
643 2533 899 2573 liberalitate
926 2534 1086 2573 liberos

372 2596 574 2637 Retinere
602 2600 727 2637 satius
758 2613 848 2638 esse
879 2599 1009 2639 credo
1039 2611 1165 2653 quam
1194 2606 1320 2637 metu.
