1676 2976
895 8 949 74 ἐς
989 28 1008 77 ¹.
1044 17 1046 19 >
1142 8 1154 29 2

322 77 1159 148 HEAVTONTIMORVMENOS.
1227 91 1230 94 ’
1332 111 1408 153 185

85 212 162 259 405
189 208 296 246 Nam
324 217 371 245 ut
400 207 480 246 alia
510 208 716 257 omittam,
743 206 992 262 pytissando
1020 205 1153 245 modo
1181 204 1284 245 mihi

191 272 308 325 Quid
335 273 422 309 vini
452 270 671 310 absumsit:
709 271 819 321 „Sic
846 269 991 309 hoc!’'
1029 269 1197 317 dicen„
1232 270 1407 322 „Aspe-

810 349 921 383 mm)

189 398 325 447 Pater,
355 399 439 438 hoc
469 409 551 438 est:
583 399 699 438 aliud
723 399 876 447 lenius,
904 399 1046 448 sodes,
1075 399 1233 438 vide!'’
1261 421 1316 429 —

188 463 338 501 Relevi
369 463 485 502 dolia
514 466 671 510 omnia,
702 477 848 502 omnes
877 465 1028 508 serias;

190 527 349 565 Omnes
379 525 507 564 habui
536 527 764 572 sollicitos;
794 537 921 579 atque
950 526 1056 579 haec
1083 540 1167 566 una
1194 541 1300 566 nox:

83 594 163 639 410
191 590 307 642 Quid
337 600 377 628 te
406 590 592 629 futurum
622 604 783 639 censes,
812 605 939 644 quem
968 591 1145 630 adsidue
1174 589 1383 630 exedent?

191 654 259 689 Sic
287 667 355 691 me
386 654 428 692 di
459 654 674 703 amabunt,
707 665 755 693 ut
781 669 850 694 me
879 664 1043 693 tuarum
1069 657 1302 694 miseritum
1331 664 1407 705 est,

190 717 466 766 Menedeme,
494 718 782 757 fortunarum!

574 783 916 821 Mssnnnmvs.

839 846 995 895 Faciat,
1025 847 1144 900 quod
1170 846 1303 896 lubet,

190 908 348 955 Sumat,
381 919 614 957 consumat,
641 908 814 961 perdat:
847 909 1067 948 decretum
1097 921 1159 950 est
1185 914 1291 963 pati,

192 973 306 1009 Dum
336 973 455 1011 illum
483 973 615 1012 modo
645 972 825 1012 habeam
852 987 1033 1013 mecum.

625 1038 876 1075 CHREMES.

984 1100 1027 1137 Si
1056 1111 1214 1139 certum
1245 1112 1307 1141 est
1335 1101 1413 1141 tibi

86 1167 163 1214 415
191 1165 258 1202 Sic
286 1165 443 1212 facere,
471 1162 572 1201 illue
598 1164 823 1216 permagni
852 1163 1016 1202 referre
1045 1164 1242 1215 arbitror,

191 1231 248 1267 Vt
276 1242 332 1267 ne
360 1230 563 1267 scientem
592 1229 747 1266 sentiat
774 1237 816 1266 te
844 1227 891 1266 id
920 1227 1000 1266 sibi
1030 1228 1144 1268 dare.

581 1292 917 1331 MENEDEMVS.

191 1356 308 1411 Quid
334 1355 514 1394 faciam?

624 1420 874 1459 CHREMES.

545 1483 724 1537 Quidvis
751 1485 896 1535 potius
927 1498 1055 1537 quam
1084 1485 1204 1538 quod
1232 1489 1413 1540 cogitas:

189 1550 269 1587 Per
298 1548 426 1586 alium
454 1549 642 1599 quemvis
674 1557 719 1585 ut
748 1548 839 1596 des,
868 1547 958 1596 fallj
987 1559 1029 1586 te
1059 1551 1171 1587 sinas

192 1611 374 1650 Technis
402 1625 482 1663 per
508 1611 720 1650 servolum
749 1615 851 1665 (etsi
880 1611 1071 1651 subsensi
1099 1613 1147 1651 id
1175 1626 1364 1666 quoque,

87 1681 166 1728 420
192 1676 292 1715 lllos
321 1675 380 1714 ibi
411 1688 517 1723 esse,
545 1674 592 1713 id
621 1688 747 1728 agere
775 1677 888 1714 inter
915 1689 960 1714 se
991 1676 1251 1723 clanculum;

194 1741 318 1794 Syrus
350 1753 445 1777 cum
472 1748 616 1777 vostro
648 1750 962 1787 consusurrant,
992 1740 1220 1779 conferunt

197 1804 385 1843 Consilia
407 1802 462 1840 ad
491 1802 831 1853 adolescentes);
865 1814 906 1841 et
934 1802 1223 1855 tibi·perdere

195 1867 421 1905 Talentum
449 1865 532 1904 hoc
560 1876 686 1917 pacto
715 1869 841 1905 satius
873 1877 948 1916 est,
988 1881 1115 1920 quam
1142 1868 1218 1907 illo
1246 1872 1418 1911 minam.

196 1931 297 1969 Non
323 1944 438 1968 nunc
465 1932 648 1981 pecunia
678 1932 829 1983 agitur,
858 1940 921 1968 set
949 1931 1071 1979 illud,
1100 1933 1322 1984 quomodo

91 2000 169 2047 425
197 1996 392 2032 Minumo
422 1994 587 2046 periclo
618 1994 764 2032 demus
795 1995 1140 2034 adolescentulo:

197 2060 306 2095 Nam
335 2060 367 2096 si
396 2057 527 2097 semel
557 2068 672 2096 tuum
703 2062 890 2099 animum
917 2059 990 2098 ille
1016 2060 1288 2110 intellexerit,

198 2124 314 2161 Prius
343 2122 611 2173 proditurum
638 2125 766 2161 vitam
794 2133 836 2161 te
865 2133 979 2161 tuam
1009 2134 1051 2162 et
1076 2126 1193 2175 prius

200 2188 428 2225 Pecuniam
458 2199 628 2224 omnem
658 2200 784 2240 quam
814 2187 885 2226 abs
906 2197 948 2225 te
969 2190 1132 2227 amittas
1160 2188 1307 2237 filium,
1334 2186 1421 2238 hui,

200 2252 412 2303 Quantam
441 2250 670 2288 fenestram
700 2251 754 2289 ad
780 2253 1017 2307 nequitiem
1046 2254 1085 2290 ei
1111 2251 1382 2304 patefeceris,

94 2320 173 2367 430
200 2314 299 2353 Tibi
329 2324 469 2353 autem
497 2328 630 2366 porro
658 2324 705 2353 ut
730 2327 822 2353 non
850 2318 902 2354 sit
929 2329 1059 2355 suave
1087 2318 1253 2355 vivere!

198 2381 309 2417 Nam
340 2378 575 2416 deteriores
608 2391 755 2417 omnes
785 2393 924 2418 sumus
954 2379 1139 2419 licentia.

203 2442 507 2495 Quodcunque
536 2444 582 2481 in
607 2452 796 2483 mentem
823 2443 1037 2492 inciderit,
1065 2444 1112 2482 id
1129 2444 1260 2494 volet,
1287 2456 1421 2498 petet,

198 2507 351 2559 Neque
380 2506 427 2544 id
453 2505 620 2558 putabit
646 2520 880 2558 pravomne
910 2521 963 2545 an
990 2518 1154 2547 rectum
1181 2512 1279 2556 siet;

198 2571 266 2611 Tu
293 2583 383 2610 rem
411 2572 554 2626 perire
586 2580 627 2610 et
654 2573 792 2626 ipsum
820 2585 911 2613 non
937 2575 1100 2627 poteris
1128 2576 1232 2629 pati,

1366 19 1372 24 ,
1392 0 1414 19 ⁸

1640 57 1663 92 ν»
1638 0 1676 26 ,.·
