<?xml version="1.0" encoding="UTF-8"?>
<!DOCTYPE html PUBLIC "-//W3C//DTD XHTML 1.0 Transitional//EN"
    "http://www.w3.org/TR/xhtml1/DTD/xhtml1-transitional.dtd">
<html xmlns="http://www.w3.org/1999/xhtml" xml:lang="en" lang="en">
 <head>
  <title>
</title>
<meta http-equiv="Content-Type" content="text/html;charset=utf-8" />
  <meta name='ocr-system' content='tesseract 3.04.00' />
  <meta name='ocr-capabilities' content='ocr_page ocr_carea ocr_par ocr_line ocrx_word'/>
</head>
<body>
  <div class='ocr_page' id='page_1' title='image "./comoediae01tereuoft_0165.png"; bbox 0 0 1676 2976; ppageno 0'>
   <div class='ocr_carea' id='block_1_1' title="bbox 588 69 1438 119">
    <p class='ocr_par' dir='ltr' id='par_1_1' title="bbox 588 69 1438 119">
     <span class='ocr_line' id='line_1_1' title="bbox 588 69 1438 119; baseline -0.006 -9"><span class='ocrx_word' id='word_1_1' title='bbox 588 69 960 110; x_wconf 88' lang='lat' dir='ltr'><strong>EVNVCHVS.</strong></span> <span class='ocrx_word' id='word_1_2' title='bbox 1364 71 1438 119; x_wconf 74' lang='lat'>149</span> 
     </span>
    </p>
   </div>
   <div class='ocr_carea' id='block_1_2' title="bbox 103 166 1435 1481">
    <p class='ocr_par' dir='ltr' id='par_1_2' title="bbox 103 166 1435 1481">
     <span class='ocr_line' id='line_1_2' title="bbox 211 166 1435 222; baseline -0.002 -15"><span class='ocrx_word' id='word_1_3' title='bbox 211 169 349 207; x_wconf 85' lang='lat' dir='ltr'>Nemo</span> <span class='ocrx_word' id='word_1_4' title='bbox 381 171 625 222; x_wconf 82' lang='lat' dir='ltr'>quisquam:</span> <span class='ocrx_word' id='word_1_5' title='bbox 654 183 754 208; x_wconf 89' lang='lat' dir='ltr'>nam</span> <span class='ocrx_word' id='word_1_6' title='bbox 782 171 827 207; x_wconf 91' lang='lat' dir='ltr'>in</span> <span class='ocrx_word' id='word_1_7' title='bbox 855 181 924 206; x_wconf 87' lang='lat' dir='ltr'>me</span> <span class='ocrx_word' id='word_1_8' title='bbox 950 166 1079 220; x_wconf 87' lang='lat' dir='ltr'>plane</span> <span class='ocrx_word' id='word_1_9' title='bbox 1109 167 1152 205; x_wconf 88' lang='lat' dir='ltr'>di</span> <span class='ocrx_word' id='word_1_10' title='bbox 1178 175 1435 218; x_wconf 87' lang='lat' dir='ltr'>potestatem</span> 
     </span>
     <span class='ocr_line' id='line_1_3' title="bbox 840 244 1158 271; baseline -0.009 0"><span class='ocrx_word' id='word_1_11' title='bbox 840 244 957 271; x_wconf 85' lang='lat' dir='ltr'>suam</span> <span class='ocrx_word' id='word_1_12' title='bbox 987 245 1158 271; x_wconf 86' lang='lat' dir='ltr'>omnem</span> 
     </span>
     <span class='ocr_line' id='line_1_4' title="bbox 213 295 1433 349; baseline -0.001 -17"><span class='ocrx_word' id='word_1_13' title='bbox 213 295 522 345; x_wconf 79' lang='lat' dir='ltr'>ostenderunt,</span> <span class='ocrx_word' id='word_1_14' title='bbox 554 300 620 336; x_wconf 90' lang='lat' dir='ltr'>cui</span> <span class='ocrx_word' id='word_1_15' title='bbox 650 308 734 336; x_wconf 86' lang='lat' dir='ltr'>tam</span> <span class='ocrx_word' id='word_1_16' title='bbox 762 295 902 335; x_wconf 84' lang='lat' dir='ltr'>subito</span> <span class='ocrx_word' id='word_1_17' title='bbox 932 306 995 335; x_wconf 88' lang='lat' dir='ltr'>tot</span> <span class='ocrx_word' id='word_1_18' title='bbox 1024 297 1298 349; x_wconf 84' lang='lat' dir='ltr'>congruerint</span> <span class='ocrx_word' id='word_1_19' title='bbox 1319 307 1433 332; x_wconf 87' lang='lat' dir='ltr'>com-</span> 
     </span>
     <span class='ocr_line' id='line_1_5' title="bbox 834 356 1369 399; baseline -0.002 0"><span class='ocrx_word' id='word_1_20' title='bbox 834 360 984 399; x_wconf 82' lang='lat' dir='ltr'>moda!</span> <span class='ocrx_word' id='word_1_21' title='bbox 1364 356 1369 360; x_wconf 70' lang='grc'>’</span> 
     </span>
     <span class='ocr_line' id='line_1_6' title="bbox 646 412 896 464; baseline -0.004 -1"><span class='ocrx_word' id='word_1_22' title='bbox 646 412 896 464; x_wconf 57' lang='lat' dir='ltr'>PAunssiwo.</span> 
     </span>
     <span class='ocr_line' id='line_1_7' title="bbox 215 486 617 539; baseline 0.007 -16"><span class='ocrx_word' id='word_1_23' title='bbox 215 486 331 539; x_wconf 84' lang='lat' dir='ltr'>Quid</span> <span class='ocrx_word' id='word_1_24' title='bbox 362 486 430 525; x_wconf 86' lang='lat' dir='ltr'>hic</span> <span class='ocrx_word' id='word_1_25' title='bbox 458 486 617 526; x_wconf 84' lang='lat' dir='ltr'>laetus?</span> 
     </span>
     <span class='ocr_line' id='line_1_8' title="bbox 643 553 899 592; baseline -0.008 0"><span class='ocrx_word' id='word_1_26' title='bbox 643 553 899 592; x_wconf 55' lang='lat' dir='ltr'>Curium.</span> 
     </span>
     <span class='ocr_line' id='line_1_9' title="bbox 487 612 1431 664; baseline -0.007 -10"><span class='ocrx_word' id='word_1_27' title='bbox 487 617 524 654; x_wconf 89' lang='lat' dir='ltr'>O</span> <span class='ocrx_word' id='word_1_28' title='bbox 555 617 613 653; x_wconf 89' lang='lat' dir='ltr'>mi</span> <span class='ocrx_word' id='word_1_29' title='bbox 643 618 866 664; x_wconf 84' lang='lat' dir='ltr'>Parmeno,</span> <span class='ocrx_word' id='word_1_30' title='bbox 897 629 922 654; x_wconf 94' lang='lat' dir='ltr'>o</span> <span class='ocrx_word' id='word_1_31' title='bbox 950 627 1141 654; x_wconf 86' lang='lat' dir='ltr'>mearum</span> <span class='ocrx_word' id='word_1_32' title='bbox 1168 612 1431 664; x_wconf 85' lang='lat' dir='ltr'>voluptatum</span> 
     </span>
     <span class='ocr_line' id='line_1_10' title="bbox 837 682 1281 720; baseline -0.011 -1"><span class='ocrx_word' id='word_1_33' title='bbox 837 682 1027 719; x_wconf 89' lang='lat' dir='ltr'>omnium</span> <span class='ocrx_word' id='word_1_34' title='bbox 1273 712 1281 720; x_wconf 68' lang='grc'>,</span> 
     </span>
     <span class='ocr_line' id='line_1_11' title="bbox 217 737 1430 795; baseline -0.002 -17"><span class='ocrx_word' id='word_1_35' title='bbox 217 741 436 789; x_wconf 84' lang='lat' dir='ltr'>Inventor,</span> <span class='ocrx_word' id='word_1_36' title='bbox 463 743 676 794; x_wconf 85' lang='lat' dir='ltr'>inceptor,</span> <span class='ocrx_word' id='word_1_37' title='bbox 702 743 935 795; x_wconf 85' lang='lat' dir='ltr'>perfector,</span> <span class='ocrx_word' id='word_1_38' title='bbox 964 742 1066 780; x_wconf 90' lang='lat' dir='ltr'>scin’</span> <span class='ocrx_word' id='word_1_39' title='bbox 1096 754 1180 789; x_wconf 88' lang='lat' dir='ltr'>me,</span> <span class='ocrx_word' id='word_1_40' title='bbox 1208 741 1252 778; x_wconf 91' lang='lat' dir='ltr'>in</span> <span class='ocrx_word' id='word_1_41' title='bbox 1280 737 1430 792; x_wconf 87' lang='lat' dir='ltr'>quibus</span> 
     </span>
     <span class='ocr_line' id='line_1_12' title="bbox 837 805 1134 859; baseline -0.01 -15"><span class='ocrx_word' id='word_1_42' title='bbox 837 808 916 845; x_wconf 86' lang='lat' dir='ltr'>sim</span> <span class='ocrx_word' id='word_1_43' title='bbox 943 805 1134 859; x_wconf 82' lang='lat' dir='ltr'>gaudiis?</span> 
     </span>
     <span class='ocr_line' id='line_1_13' title="bbox 103 868 1187 921; baseline -0.002 -14"><span class='ocrx_word' id='word_1_44' title='bbox 103 875 180 920; x_wconf 62' lang='lat'>980</span> <span class='ocrx_word' id='word_1_45' title='bbox 209 870 296 908; x_wconf 85' lang='lat' dir='ltr'>Scis</span> <span class='ocrx_word' id='word_1_46' title='bbox 327 868 588 921; x_wconf 83' lang='lat' dir='ltr'><strong>Pamphilam</strong></span> <span class='ocrx_word' id='word_1_47' title='bbox 615 883 754 907; x_wconf 87' lang='lat' dir='ltr'>meam</span> <span class='ocrx_word' id='word_1_48' title='bbox 783 871 917 908; x_wconf 88' lang='lat' dir='ltr'>civem</span> <span class='ocrx_word' id='word_1_49' title='bbox 944 868 1187 908; x_wconf 82' lang='lat' dir='ltr'>inventam?</span> 
     </span>
     <span class='ocr_line' id='line_1_14' title="bbox 644 933 896 971; baseline 0.004 -1"><span class='ocrx_word' id='word_1_50' title='bbox 644 933 896 971; x_wconf 63' lang='lat' dir='ltr'>Pmmwo.</span> 
     </span>
     <span class='ocr_line' id='line_1_15' title="bbox 892 996 1062 1035; baseline -0.012 0"><span class='ocrx_word' id='word_1_51' title='bbox 892 996 1062 1035; x_wconf 87' lang='lat' dir='ltr'>Audivi.</span> 
     </span>
     <span class='ocr_line' id='line_1_16' title="bbox 637 1059 891 1099; baseline 0.004 -2"><span class='ocrx_word' id='word_1_52' title='bbox 637 1059 891 1099; x_wconf 73' lang='lat' dir='ltr'>CRAEREA.</span> 
     </span>
     <span class='ocr_line' id='line_1_17' title="bbox 957 1120 1429 1175; baseline -0.008 -13"><span class='ocrx_word' id='word_1_53' title='bbox 957 1124 1045 1162; x_wconf 90' lang='lat' dir='ltr'>Scis</span> <span class='ocrx_word' id='word_1_54' title='bbox 1074 1135 1274 1175; x_wconf 79' lang='lat' dir='ltr'>sponsam</span> <span class='ocrx_word' id='word_1_55' title='bbox 1301 1120 1429 1159; x_wconf 79' lang='lat' dir='ltr'>mihi?</span> 
     </span>
     <span class='ocr_line' id='line_1_18' title="bbox 637 1187 893 1226; baseline 0.004 -1"><span class='ocrx_word' id='word_1_56' title='bbox 637 1187 893 1226; x_wconf 65' lang='lat' dir='ltr'><strong>anmo.</strong></span> 
     </span>
     <span class='ocr_line' id='line_1_19' title="bbox 203 1248 992 1299; baseline -0.001 -10"><span class='ocrx_word' id='word_1_57' title='bbox 203 1251 334 1297; x_wconf 87' lang='lat' dir='ltr'><strong>Bene,</strong></span> <span class='ocrx_word' id='word_1_58' title='bbox 362 1252 419 1288; x_wconf 87' lang='lat' dir='ltr'>ita</span> <span class='ocrx_word' id='word_1_59' title='bbox 448 1264 515 1288; x_wconf 89' lang='lat' dir='ltr'>me</span> <span class='ocrx_word' id='word_1_60' title='bbox 550 1248 595 1287; x_wconf 89' lang='lat' dir='ltr'>di</span> <span class='ocrx_word' id='word_1_61' title='bbox 624 1260 780 1299; x_wconf 87' lang='lat' dir='ltr'>ament,</span> <span class='ocrx_word' id='word_1_62' title='bbox 809 1251 992 1290; x_wconf 77' lang='lat' dir='ltr'>factum!</span> 
     </span>
     <span class='ocr_line' id='line_1_20' title="bbox 647 1315 879 1353; baseline -0.004 0"><span class='ocrx_word' id='word_1_63' title='bbox 647 1315 879 1353; x_wconf 61' lang='lat' dir='ltr'>Gurno.</span> 
     </span>
     <span class='ocr_line' id='line_1_21' title="bbox 636 1377 1228 1431; baseline 0 -16"><span class='ocrx_word' id='word_1_64' title='bbox 636 1377 793 1415; x_wconf 87' lang='lat' dir='ltr'>Audin’</span> <span class='ocrx_word' id='word_1_65' title='bbox 826 1388 885 1427; x_wconf 85' lang='lat' dir='ltr'>tu,</span> <span class='ocrx_word' id='word_1_66' title='bbox 914 1377 983 1416; x_wconf 89' lang='lat' dir='ltr'>hic</span> <span class='ocrx_word' id='word_1_67' title='bbox 1011 1377 1116 1431; x_wconf 81' lang='lat' dir='ltr'>quid</span> <span class='ocrx_word' id='word_1_68' title='bbox 1144 1378 1228 1417; x_wconf 84' lang='lat' dir='ltr'>ait?</span> 
     </span>
     <span class='ocr_line' id='line_1_22' title="bbox 632 1443 891 1481; baseline 0.008 -2"><span class='ocrx_word' id='word_1_69' title='bbox 632 1443 891 1481; x_wconf 76' lang='lat' dir='ltr'>CHAEREA.</span> 
     </span>
    </p>
   </div>
   <div class='ocr_carea' id='block_1_3' title="bbox 202 1504 1427 1622">
    <p class='ocr_par' dir='ltr' id='par_1_3' title="bbox 202 1504 1427 1622">
     <span class='ocr_line' id='line_1_23' title="bbox 872 1504 1427 1554; baseline 0.002 -11"><span class='ocrx_word' id='word_1_70' title='bbox 872 1506 982 1544; x_wconf 88' lang='lat' dir='ltr'>Tum</span> <span class='ocrx_word' id='word_1_71' title='bbox 1011 1516 1151 1545; x_wconf 86' lang='lat' dir='ltr'>autem</span> <span class='ocrx_word' id='word_1_72' title='bbox 1179 1504 1427 1554; x_wconf 82' lang='lat' dir='ltr'>Phaedriae,</span> 
     </span>
     <span class='ocr_line' id='line_1_24' title="bbox 202 1568 1426 1622; baseline 0.001 -16"><span class='ocrx_word' id='word_1_73' title='bbox 202 1569 306 1607; x_wconf 86' lang='lat' dir='ltr'>Meo</span> <span class='ocrx_word' id='word_1_74' title='bbox 336 1568 470 1617; x_wconf 76' lang='lat' dir='ltr'>Fratri,</span> <span class='ocrx_word' id='word_1_75' title='bbox 501 1568 670 1622; x_wconf 85' lang='lat' dir='ltr'>gaudeo</span> <span class='ocrx_word' id='word_1_76' title='bbox 701 1583 873 1609; x_wconf 89' lang='lat' dir='ltr'>omnem</span> <span class='ocrx_word' id='word_1_77' title='bbox 902 1583 1092 1609; x_wconf 85' lang='lat' dir='ltr'>amorem</span> <span class='ocrx_word' id='word_1_78' title='bbox 1122 1583 1212 1608; x_wconf 82' lang='lat' dir='ltr'>esse</span> <span class='ocrx_word' id='word_1_79' title='bbox 1241 1573 1285 1607; x_wconf 90' lang='lat' dir='ltr'>in</span> <span class='ocrx_word' id='word_1_80' title='bbox 1314 1579 1426 1608; x_wconf 88' lang='lat' dir='ltr'>tran-</span> 
     </span>
    </p>
   </div>
   <div class='ocr_carea' id='block_1_4' title="bbox 198 1633 1425 1748">
    <p class='ocr_par' dir='ltr' id='par_1_4' title="bbox 198 1633 1425 1748">
     <span class='ocr_line' id='line_1_25' title="bbox 829 1633 1397 1686; baseline 0.004 -16"><span class='ocrx_word' id='word_1_81' title='bbox 829 1633 986 1686; x_wconf 72' lang='lat' dir='ltr'>quillo:</span> <span class='ocrx_word' id='word_1_82' title='bbox 1017 1647 1102 1672; x_wconf 84' lang='lat' dir='ltr'>una</span> <span class='ocrx_word' id='word_1_83' title='bbox 1131 1643 1194 1672; x_wconf 87' lang='lat' dir='ltr'>est</span> <span class='ocrx_word' id='word_1_84' title='bbox 1224 1633 1397 1678; x_wconf 85' lang='lat' dir='ltr'>domus;</span> 
     </span>
     <span class='ocr_line' id='line_1_26' title="bbox 198 1695 1425 1748; baseline 0.001 -14"><span class='ocrx_word' id='word_1_85' title='bbox 198 1695 326 1735; x_wconf 83' lang='lat' dir='ltr'><strong>Thais</strong></span> <span class='ocrx_word' id='word_1_86' title='bbox 372 1710 417 1734; x_wconf 92' lang='lat' dir='ltr'>se</span> <span class='ocrx_word' id='word_1_87' title='bbox 462 1698 574 1748; x_wconf 91' lang='lat' dir='ltr'>patri</span> <span class='ocrx_word' id='word_1_88' title='bbox 622 1697 955 1744; x_wconf 81' lang='lat' dir='ltr'>commendavit3</span> <span class='ocrx_word' id='word_1_89' title='bbox 1003 1699 1049 1736; x_wconf 87' lang='lat' dir='ltr'>in</span> <span class='ocrx_word' id='word_1_90' title='bbox 1095 1696 1336 1736; x_wconf 83' lang='lat' dir='ltr'>clientelam</span> <span class='ocrx_word' id='word_1_91' title='bbox 1383 1707 1425 1736; x_wconf 86' lang='lat' dir='ltr'>et</span> 
     </span>
    </p>
   </div>
   <div class='ocr_carea' id='block_1_5' title="bbox 200 1759 957 1862">
    <p class='ocr_par' dir='ltr' id='par_1_5' title="bbox 200 1759 957 1862">
     <span class='ocr_line' id='line_1_27' title="bbox 827 1759 957 1798; baseline -0.008 0"><span class='ocrx_word' id='word_1_92' title='bbox 827 1759 957 1798; x_wconf 86' lang='lat' dir='ltr'>fidem</span> 
     </span>
     <span class='ocr_line' id='line_1_28' title="bbox 200 1822 574 1862; baseline 0 0"><span class='ocrx_word' id='word_1_93' title='bbox 200 1822 334 1862; x_wconf 85' lang='lat' dir='ltr'>Nobis</span> <span class='ocrx_word' id='word_1_94' title='bbox 365 1823 487 1862; x_wconf 88' lang='lat' dir='ltr'><strong>dedit</strong></span> <span class='ocrx_word' id='word_1_95' title='bbox 515 1837 574 1862; x_wconf 91' lang='lat' dir='ltr'>se.</span> 
     </span>
    </p>
   </div>
   <div class='ocr_carea' id='block_1_6' title="bbox 639 1888 892 1926">
    <p class='ocr_par' dir='ltr' id='par_1_6' title="bbox 639 1888 892 1926">
     <span class='ocr_line' id='line_1_29' title="bbox 639 1888 892 1926; baseline 0 0"><span class='ocrx_word' id='word_1_96' title='bbox 639 1888 892 1926; x_wconf 60' lang='lat' dir='ltr'><strong>Pmmmo.</strong></span> 
     </span>
    </p>
   </div>
   <div class='ocr_carea' id='block_1_7' title="bbox 521 1950 1226 2053">
    <p class='ocr_par' dir='ltr' id='par_1_7' title="bbox 521 1950 1226 2053">
     <span class='ocr_line' id='line_1_30' title="bbox 521 1950 1226 2004; baseline 0.003 -15"><span class='ocrx_word' id='word_1_97' title='bbox 521 1950 674 1989; x_wconf 81' lang='lat' dir='ltr'>Fratris</span> <span class='ocrx_word' id='word_1_98' title='bbox 704 1953 832 2004; x_wconf 87' lang='lat' dir='ltr'>igitur</span> <span class='ocrx_word' id='word_1_99' title='bbox 859 1950 987 1990; x_wconf 88' lang='lat' dir='ltr'>Thais</span> <span class='ocrx_word' id='word_1_100' title='bbox 1018 1961 1107 1991; x_wconf 87' lang='lat' dir='ltr'>tota</span> <span class='ocrx_word' id='word_1_101' title='bbox 1137 1953 1226 1991; x_wconf 82' lang='lat' dir='ltr'>est?</span> 
     </span>
     <span class='ocr_line' id='line_1_31' title="bbox 639 2015 888 2053; baseline 0 0"><span class='ocrx_word' id='word_1_102' title='bbox 639 2015 888 2053; x_wconf 76' lang='lat' dir='ltr'>CHAEREA.</span> 
     </span>
    </p>
   </div>
   <div class='ocr_carea' id='block_1_8' title="bbox 96 2081 1421 2502">
    <p class='ocr_par' dir='ltr' id='par_1_8' title="bbox 96 2081 1421 2502">
     <span class='ocr_line' id='line_1_32' title="bbox 1238 2081 1420 2120; baseline 0.005 -1"><span class='ocrx_word' id='word_1_103' title='bbox 1238 2081 1420 2120; x_wconf 85' lang='lat' dir='ltr'>Scilicet.</span> 
     </span>
     <span class='ocr_line' id='line_1_33' title="bbox 637 2142 892 2181; baseline 0.004 -1"><span class='ocrx_word' id='word_1_104' title='bbox 637 2142 730 2181; x_wconf 74' lang='lat' dir='ltr'>PAR</span> <span class='ocrx_word' id='word_1_105' title='bbox 742 2156 804 2180; x_wconf 79' lang='lat' dir='ltr'>ME</span> <span class='ocrx_word' id='word_1_106' title='bbox 815 2157 841 2181; x_wconf 77' lang='lat' dir='ltr'>N</span> <span class='ocrx_word' id='word_1_107' title='bbox 852 2156 892 2181; x_wconf 90' lang='lat' dir='ltr'>o.</span> 
     </span>
     <span class='ocr_line' id='line_1_34' title="bbox 96 2203 1421 2261; baseline 0.007 -21"><span class='ocrx_word' id='word_1_108' title='bbox 96 2210 171 2256; x_wconf 67' lang='lat'>935</span> <span class='ocrx_word' id='word_1_109' title='bbox 199 2203 286 2242; x_wconf 88' lang='lat' dir='ltr'>Iam</span> <span class='ocrx_word' id='word_1_110' title='bbox 316 2203 400 2241; x_wconf 92' lang='lat' dir='ltr'>hoc</span> <span class='ocrx_word' id='word_1_111' title='bbox 429 2203 550 2242; x_wconf 88' lang='lat' dir='ltr'>aliud</span> <span class='ocrx_word' id='word_1_112' title='bbox 579 2214 656 2254; x_wconf 85' lang='lat' dir='ltr'>est,</span> <span class='ocrx_word' id='word_1_113' title='bbox 685 2206 805 2258; x_wconf 85' lang='lat' dir='ltr'>quod</span> <span class='ocrx_word' id='word_1_114' title='bbox 833 2207 1110 2260; x_wconf 87' lang='lat' dir='ltr'>gaudeamus:</span> <span class='ocrx_word' id='word_1_115' title='bbox 1139 2208 1260 2248; x_wconf 84' lang='lat' dir='ltr'>miles</span> <span class='ocrx_word' id='word_1_116' title='bbox 1286 2209 1421 2261; x_wconf 86' lang='lat' dir='ltr'>pelle-</span> 
     </span>
     <span class='ocr_line' id='line_1_35' title="bbox 830 2271 1050 2311; baseline 0.014 -3"><span class='ocrx_word' id='word_1_117' title='bbox 830 2279 897 2309; x_wconf 83' lang='lat' dir='ltr'>tur</span> <span class='ocrx_word' id='word_1_118' title='bbox 923 2271 1050 2311; x_wconf 84' lang='lat' dir='ltr'>foras.</span> 
     </span>
     <span class='ocr_line' id='line_1_36' title="bbox 631 2333 886 2373; baseline 0.004 -1"><span class='ocrx_word' id='word_1_119' title='bbox 631 2333 665 2372; x_wconf 91' lang='lat' dir='ltr'>C</span> <span class='ocrx_word' id='word_1_120' title='bbox 676 2346 802 2372; x_wconf 77' lang='lat' dir='ltr'>HAER</span> <span class='ocrx_word' id='word_1_121' title='bbox 813 2348 836 2372; x_wconf 75' lang='grc' dir='ltr'>Ε</span> <span class='ocrx_word' id='word_1_122' title='bbox 849 2348 886 2373; x_wconf 78' lang='lat' dir='ltr'>A.</span> 
     </span>
     <span class='ocr_line' id='line_1_37' title="bbox 202 2394 1420 2453; baseline 0.006 -19"><span class='ocrx_word' id='word_1_123' title='bbox 202 2397 283 2443; x_wconf 83' lang='lat' dir='ltr'>Tu,</span> <span class='ocrx_word' id='word_1_124' title='bbox 302 2395 445 2443; x_wconf 87' lang='lat' dir='ltr'>frater,</span> <span class='ocrx_word' id='word_1_125' title='bbox 462 2394 611 2433; x_wconf 91' lang='lat' dir='ltr'>ubiubi</span> <span class='ocrx_word' id='word_1_126' title='bbox 629 2397 781 2445; x_wconf 86' lang='lat' dir='ltr'>est,fac</span> <span class='ocrx_word' id='word_1_127' title='bbox 796 2412 920 2451; x_wconf 86' lang='lat' dir='ltr'>quam</span> <span class='ocrx_word' id='word_1_128' title='bbox 936 2403 1120 2453; x_wconf 87' lang='lat' dir='ltr'>primum</span> <span class='ocrx_word' id='word_1_129' title='bbox 1139 2402 1245 2441; x_wconf 87' lang='lat' dir='ltr'>haec</span> <span class='ocrx_word' id='word_1_130' title='bbox 1264 2402 1420 2441; x_wconf 82' lang='lat' dir='ltr'>audiat.</span> 
     </span>
     <span class='ocr_line' id='line_1_38' title="bbox 630 2461 889 2502; baseline 0.023 -5"><span class='ocrx_word' id='word_1_131' title='bbox 630 2461 689 2498; x_wconf 75' lang='grc' dir='ltr'>ΡΛ</span> <span class='ocrx_word' id='word_1_132' title='bbox 701 2473 726 2497; x_wconf 78' lang='lat' dir='ltr'>R</span> <span class='ocrx_word' id='word_1_133' title='bbox 737 2475 768 2498; x_wconf 85' lang='lat' dir='ltr'>M</span> <span class='ocrx_word' id='word_1_134' title='bbox 779 2476 801 2500; x_wconf 83' lang='lat' dir='ltr'>E</span> <span class='ocrx_word' id='word_1_135' title='bbox 813 2476 840 2501; x_wconf 76' lang='grc' dir='ltr'><strong>Ν</strong></span> <span class='ocrx_word' id='word_1_136' title='bbox 851 2477 889 2502; x_wconf 92' lang='grc' dir='ltr'>ο.</span> 
     </span>
    </p>
   </div>
   <div class='ocr_carea' id='block_1_9' title="bbox 1058 2530 1422 2572">
    <p class='ocr_par' dir='ltr' id='par_1_9' title="bbox 1058 2530 1422 2572">
     <span class='ocr_line' id='line_1_39' title="bbox 1058 2530 1422 2572; baseline 0 -1"><span class='ocrx_word' id='word_1_137' title='bbox 1058 2530 1205 2571; x_wconf 87' lang='lat' dir='ltr'>Visam</span> <span class='ocrx_word' id='word_1_138' title='bbox 1235 2531 1422 2572; x_wconf 86' lang='lat' dir='ltr'>domum.</span> 
     </span>
    </p>
   </div>
  </div>
 </body>
</html>
