1676 2976
595 117 893 261 ΑΒΕΙΞὲΠ.
1331 123 1406 163 251

612 221 774 270 Creu(
845 231 886 258 ο.
1113 268 1115 270 ¹

765 275 771 280 ’
1276 282 1407 320 Hem!

17 389 20 392 ⁴
660 349 837 388 Svnv&

85 414 160 455 235
188 409 306 462 Quid
336 411 425 450 est?

614 475 885 513 Cresu’no.

443 537 557 576 Illius
588 551 719 589 opera
746 549 876 583 nunc,
905 535 1024 589 Syre,
1051 536 1170 576 vivo!
1199 537 1411 579 Festivom

815 602 962 651 caput!

195 664 337 716 Quine
366 655 510 702 omnia
537 663 616 703 sibi
645 666 909 716 postputavit
937 677 1029 702 esse
1055 677 1154 703 meo
1172 678 1276 716 prae
1297 679 1412 706 com-

816 727 968 775 modo,

190 790 436 840 Maledicta,
466 790 623 830 famam
650 788 793 829 metim
813 804 1020 838 amorum,
1050 801 1093 830 et
1117 802 1340 843 peccatum
1365 796 1414 836 in

816 868 910 893 sese
940 854 1167 894 transtulit!

193 918 264 958 Nil
294 932 419 971 supra
445 922 572 971 pote!
603 929 666 958 set
694 918 898 971 quidnam
929 921 1093 971 crepuit
1119 918 1250 960 foris?

672 984 842 1022 Srnvm

874 1047 1027 1086 Mane:
1055 1049 1148 1099 ipse
1177 1051 1260 1087 exit
1286 1049 1413 1091 foras.

87 1364 531 1414 AESCHINVS.
613 1364 919 1413 SANNIO.
1006 1365 1413 1419 CTESIPHO.

623 1441 875 1489 SYRVS.

602 1563 904 1602 AEscmuvs.

198 1624 285 1664 Vbi
314 1625 387 1664 ille
417 1636 479 1665 est
505 1625 759 1678 sacrilegus?

651 1689 805 1728 Saum
817 1703 857 1727 o.

506 1752 579 1790 Me
608 1754 786 1805 quaerit.
813 1754 927 1792 Num
954 1753 1158 1806 quidnam
1188 1752 1340 1794 effert?
1367 1781 1421 1788 -—

825 1816 988 1855 occidi:
1299 1819 1352 1858 Π.
1379 1825 1422 1871 4.

95 1884 172 1931 240
199 1879 267 1919 Nil
296 1879 437 1918 video.

604 1942 835 1982 AEscnnz
848 1957 911 1982 vs.

507 2003 640 2044 Ehem
677 2009 942 2059 opportune!
991 2016 1033 2044 te
1067 2008 1206 2058 ipsum
1244 2021 1421 2060 quaero.

823 2070 941 2123 Quid
968 2069 1028 2118 fit,
1057 2070 1290 2123 Ctesipho?

198 2132 247 2172 In
276 2142 367 2172 tuto
399 2142 460 2171 est
489 2134 626 2171 omnis
654 2146 742 2171 res:
774 2136 922 2173 omitte
941 2147 1043 2172 vero
1063 2136 1275 2174 tristitiem
1293 2146 1422 2178 tuam.

624 2197 898 2236 Cresirno.

201 2259 292 2313 Ego
322 2259 437 2299 illam
465 2259 609 2299 hercle
637 2273 741 2299 vero
762 2263 929 2310 omitto,
959 2262 1032 2314 qui
1051 2261 1227 2314 quidem
1248 2262 1423 2304 fratrem

468 2326 472 2329 '
752 2333 795 2362 te
822 2322 1014 2364 habeam.
1044 2326 1083 2364 Ο
1110 2328 1170 2363 mi
1195 2326 1422 2378 Aeschine,

204 2389 242 2426 O
271 2389 330 2425 mi
357 2389 649 2442 germane...!
678 2387 735 2425 At
760 2401 914 2426 vereor
943 2401 1086 2426 coram
1114 2390 1160 2427 in
1188 2402 1235 2429 os
1263 2399 1306 2429 te
1332 2391 1424 2432 lau-

828 2451 930 2490 dare
958 2451 1154 2504 amplius,

202 2516 268 2553 Ne
304 2515 351 2554 id
388 2513 640 2554 adsentandi
676 2516 808 2569 magis
847 2529 973 2569 quam
1010 2529 1097 2570 quo
1125 2515 1304 2565 habeam
1331 2533 1427 2572 gra-

389 2571 391 2573 *
830 2589 918 2617 tum
947 2580 1090 2620 facere
1118 2582 1354 2622 existumes.
