1676 2976
276 72 1122 145 HEAVTONTIMOHVMENOS.
1297 105 1371 153 182

591 206 844 244 Cunssnns.

143 250 329 306 Dissolv}
358 281 440 316 me,
472 270 632 307 otiosus
663 282 840 320 operam
867 278 915 307 ut
942 266 1019 306 tibi
1048 266 1209 307 darem.

141 331 266 385 Syrus
297 330 629 382 adprendendus
661 343 787 385 atque
818 330 1106 371 adhortandus
1135 329 1252 370 mihi.

229 396 265 433 A
294 410 361 434 me
390 400 536 434 nescio
567 398 659 448 quis
691 399 792 436 exit:
825 396 1017 436 concede
1047 394 1146 435 hinc
1177 395 1367 445 domum,-

141 461 208 498 Ne
236 473 314 498 nos
344 461 456 499 inter
481 473 561 498 nos
593 462 837 514 congruisse
866 462 1061 500 sentiant.

366 670 732 760 CHREMEs
798 709 1053 775 SYRvs

616 844 642 882 S
654 858 679 882 Y
690 857 751 882 nv
764 856 796 882 s.

41 905 120 955 460
148 906 238 943 Hac
255 905 353 944 illac
372 908 670 954 circumcursa,
684 906 991 945 inveniundum
1009 919 1050 944 es
1071 915 1229 955 tamen,
1247 906 1316 947 IH.
1333 915 1371 955 3.

147 971 405 1023 Argentum!
438 994 489 1000 —
516 970 785 1009 Intendenda
813 973 859 1009 in
886 983 1034 1008 senem
1060 969 1240 1010 fallacia.

588 1035 841 1073 CHREME&

148 1097 257 1134 Num
286 1110 354 1135 me
383 1096 550 1146 fefellit,
577 1095 707 1136 hosce
735 1097 782 1135 id
809 1096 1000 1135 struere?
1027 1095 1231 1137 videlicet

148 1161 220 1198 Est
250 1160 414 1199 Cliniae
442 1161 514 1200 ille
543 1174 685 1200 servos
717 1160 1016 1200 tardiusculus:

148 1224 315 1262 Idcirco
345 1222 443 1263 huic
472 1235 619 1264 nostro
651 1225 806 1264 tradita
836 1234 898 1264 est
924 1226 1159 1276 provincia.

621 1289 797 1327 Synvs

45 1351 125 1402 465
157 1352 261 1405 Quis
291 1350 359 1390 hic
387 1351 604 1406 loquitur?
632 1377 684 1383 —
710 1355 844 1405 perii!
874 1366 1078 1394 numnam
1100 1351 1169 1391 hic
1190 1354 1377 1397 audivit?

589 1418 846 1458 CHREME&

1093 1480 1221 1536 Syre!

625 1544 802 1584 Srnvffi

1245 1612 1376 1652 Hem!

587 1670 840 1710 CHREMES.

152 1734 268 1787 Quid
296 1744 341 1773 tu
368 1735 489 1773 istic?

624 1798 799 1837 SYRvs.

540 1861 688 1900 Recte.
719 1862 792 1900 Set
820 1872 862 1901 te
892 1862 1097 1911 demiror,
1127 1862 1324 1918 Chreme,

154 1923 261 1962 Tam
290 1937 431 1972 mane,
462 1926 534 1977 qui
564 1922 653 1962 heri
682 1934 845 1963 tantum
873 1925 1042 1965 biberis.

592 1989 846 2028 CHREMES.

1068 2053 1148 2094 Nil
1174 2058 1326 2097 minus.

637 2116 802 2155 Srnvs

154 2178 239 2225 Nil,
268 2178 441 2217 narras?
469 2181 556 2218 visa
585 2193 686 2218 vero
718 2190 794 2229 est,
824 2180 943 2233 quod
972 2180 1056 2220 dici
1084 2181 1208 2234 solet,

158 2243 335 2295 Aquilae
364 2252 571 2282 senectus.

597 2309 846 2347 CHREMES.

625 2371 755 2410 Heia!

632 2435 803 2475 Sxava

808 2499 967 2539 Mulier
996 2503 1223 2543 commoda
1252 2514 1296 2545 et

51 2566 125 2612 470
151 2562 303 2600 Faceta
332 2559 437 2601 haec
464 2564 749 2603 meretrix....
