<?xml version="1.0" encoding="UTF-8"?>
<!DOCTYPE html PUBLIC "-//W3C//DTD XHTML 1.0 Transitional//EN"
    "http://www.w3.org/TR/xhtml1/DTD/xhtml1-transitional.dtd">
<html xmlns="http://www.w3.org/1999/xhtml" xml:lang="en" lang="en">
 <head>
  <title>
</title>
<meta http-equiv="Content-Type" content="text/html;charset=utf-8" />
  <meta name='ocr-system' content='tesseract 3.04.00' />
  <meta name='ocr-capabilities' content='ocr_page ocr_carea ocr_par ocr_line ocrx_word'/>
</head>
<body>
  <div class='ocr_page' id='page_1' title='image "./comoediae01tereuoft_0023.png"; bbox 0 0 1676 2976; ppageno 0'>
   <div class='ocr_carea' id='block_1_1' title="bbox 625 38 1423 143">
    <p class='ocr_par' dir='ltr' id='par_1_1' title="bbox 625 38 1423 143">
     <span class='ocr_line' id='line_1_1' title="bbox 625 38 1423 143; baseline 0 -26"><span class='ocrx_word' id='word_1_1' title='bbox 625 74 896 117; x_wconf 67' lang='lat' dir='ltr'>Annum.</span> <span class='ocrx_word' id='word_1_2' title='bbox 941 38 988 92; x_wconf 48' lang='grc' dir='ltr'>Ψ</span> <span class='ocrx_word' id='word_1_3' title='bbox 1259 120 1287 143; x_wconf 88' lang='lat'>·.</span> <span class='ocrx_word' id='word_1_4' title='bbox 1395 91 1423 131; x_wconf 87' lang='lat'>7</span> 
     </span>
    </p>
   </div>
   <div class='ocr_carea' id='block_1_2' title="bbox 116 178 1420 1001">
    <p class='ocr_par' dir='ltr' id='par_1_2' title="bbox 116 178 1420 1001">
     <span class='ocr_line' id='line_1_2' title="bbox 197 178 1420 224; baseline 0.002 -3"><span class='ocrx_word' id='word_1_5' title='bbox 197 183 271 222; x_wconf 85' lang='lat' dir='ltr'>Set</span> <span class='ocrx_word' id='word_1_6' title='bbox 295 183 381 222; x_wconf 87' lang='lat' dir='ltr'>hoc</span> <span class='ocrx_word' id='word_1_7' title='bbox 405 178 511 221; x_wconf 78' lang='lat' dir='ltr'>mihi</span> <span class='ocrx_word' id='word_1_8' title='bbox 543 180 774 222; x_wconf 83' lang='lat' dir='ltr'>molestum</span> <span class='ocrx_word' id='word_1_9' title='bbox 811 191 894 222; x_wconf 71' lang='lat' dir='ltr'>est:</span> <span class='ocrx_word' id='word_1_10' title='bbox 929 194 1031 220; x_wconf 78' lang='lat' dir='ltr'>nam</span> <span class='ocrx_word' id='word_1_11' title='bbox 1065 183 1199 222; x_wconf 77' lang='lat' dir='ltr'>istaec</span> <span class='ocrx_word' id='word_1_12' title='bbox 1233 195 1420 224; x_wconf 85' lang='lat' dir='ltr'>comme-</span> 
     </span>
     <span class='ocr_line' id='line_1_3' title="bbox 889 248 1076 286; baseline 0 -1"><span class='ocrx_word' id='word_1_13' title='bbox 889 248 1076 286; x_wconf 78' lang='lat' dir='ltr'>motatio</span> 
     </span>
     <span class='ocr_line' id='line_1_4' title="bbox 197 307 1409 364; baseline -0.001 -16"><span class='ocrx_word' id='word_1_14' title='bbox 197 312 329 364; x_wconf 83' lang='lat' dir='ltr'><strong>Quasi</strong></span> <span class='ocrx_word' id='word_1_15' title='bbox 357 307 538 349; x_wconf 87' lang='lat' dir='ltr'>benefici</span> <span class='ocrx_word' id='word_1_16' title='bbox 564 310 825 351; x_wconf 66' lang='lat' dir='ltr'>immemoris</span> <span class='ocrx_word' id='word_1_17' title='bbox 852 309 1122 363; x_wconf 77' lang='lat' dir='ltr'>exprobratio</span> <span class='ocrx_word' id='word_1_18' title='bbox 1146 319 1409 349; x_wconf 81' lang='lat' dir='ltr'>est..</span> 
     </span>
     <span class='ocr_line' id='line_1_5' title="bbox 196 372 1416 427; baseline 0.001 -15"><span class='ocrx_word' id='word_1_19' title='bbox 196 375 313 427; x_wconf 84' lang='lat' dir='ltr'>Quin</span> <span class='ocrx_word' id='word_1_20' title='bbox 341 383 387 412; x_wconf 90' lang='lat' dir='ltr'>tu</span> <span class='ocrx_word' id='word_1_21' title='bbox 411 386 501 412; x_wconf 85' lang='lat' dir='ltr'>uno</span> <span class='ocrx_word' id='word_1_22' title='bbox 530 372 662 413; x_wconf 82' lang='lat' dir='ltr'>verbo</span> <span class='ocrx_word' id='word_1_23' title='bbox 691 373 776 422; x_wconf 90' lang='lat' dir='ltr'>dic,</span> <span class='ocrx_word' id='word_1_24' title='bbox 811 372 918 427; x_wconf 84' lang='lat' dir='ltr'>quid</span> <span class='ocrx_word' id='word_1_25' title='bbox 945 382 1022 423; x_wconf 87' lang='lat' dir='ltr'>est,</span> <span class='ocrx_word' id='word_1_26' title='bbox 1057 373 1178 427; x_wconf 78' lang='lat' dir='ltr'>quod</span> <span class='ocrx_word' id='word_1_27' title='bbox 1204 388 1273 414; x_wconf 88' lang='lat' dir='ltr'>rue</span> <span class='ocrx_word' id='word_1_28' title='bbox 1299 374 1416 415; x_wconf 88' lang='lat' dir='ltr'>velis.</span> 
     </span>
     <span class='ocr_line' id='line_1_6' title="bbox 348 438 832 478; baseline 0.009 -5"><span class='ocrx_word' id='word_1_29' title='bbox 348 454 352 457; x_wconf 93' lang='lat'>·</span> <span class='ocrx_word' id='word_1_30' title='bbox 684 438 832 478; x_wconf 72' lang='lat' dir='ltr'>Sino.</span> 
     </span>
     <span class='ocr_line' id='line_1_7' title="bbox 194 499 1414 553; baseline 0.002 -14"><span class='ocrx_word' id='word_1_31' title='bbox 194 500 256 539; x_wconf 85' lang='lat' dir='ltr'>Ita</span> <span class='ocrx_word' id='word_1_32' title='bbox 284 501 450 540; x_wconf 81' lang='lat' dir='ltr'>faciam.</span> <span class='ocrx_word' id='word_1_33' title='bbox 497 501 593 540; x_wconf 90' lang='lat' dir='ltr'>Hoc</span> <span class='ocrx_word' id='word_1_34' title='bbox 619 503 804 553; x_wconf 87' lang='lat' dir='ltr'>primum</span> <span class='ocrx_word' id='word_1_35' title='bbox 832 503 877 540; x_wconf 89' lang='lat' dir='ltr'>in</span> <span class='ocrx_word' id='word_1_36' title='bbox 904 499 984 540; x_wconf 79' lang='lat' dir='ltr'>hae</span> <span class='ocrx_word' id='word_1_37' title='bbox 1010 514 1058 541; x_wconf 87' lang='lat' dir='ltr'>re</span> <span class='ocrx_word' id='word_1_38' title='bbox 1082 502 1288 553; x_wconf 79' lang='lat' dir='ltr'>praedico</span> <span class='ocrx_word' id='word_1_39' title='bbox 1316 501 1414 541; x_wconf 87' lang='lat' dir='ltr'>tibi:</span> 
     </span>
     <span class='ocr_line' id='line_1_8' title="bbox 116 565 1320 618; baseline 0.002 -15"><span class='ocrx_word' id='word_1_40' title='bbox 116 577 167 603; x_wconf 85' lang='lat'>20</span> <span class='ocrx_word' id='word_1_41' title='bbox 195 565 310 618; x_wconf 83' lang='lat' dir='ltr'>Quas</span> <span class='ocrx_word' id='word_1_42' title='bbox 340 565 597 610; x_wconf 76' lang='lat' dir='ltr'>credisesse</span> <span class='ocrx_word' id='word_1_43' title='bbox 625 565 714 614; x_wconf 83' lang='lat' dir='ltr'>has,</span> <span class='ocrx_word' id='word_1_44' title='bbox 741 579 832 604; x_wconf 88' lang='lat' dir='ltr'>non</span> <span class='ocrx_word' id='word_1_45' title='bbox 858 574 956 605; x_wconf 85' lang='lat' dir='ltr'>sunt</span> <span class='ocrx_word' id='word_1_46' title='bbox 981 578 1107 605; x_wconf 85' lang='lat' dir='ltr'>verae</span> <span class='ocrx_word' id='word_1_47' title='bbox 1132 568 1320 618; x_wconf 77' lang='lat' dir='ltr'><strong>nuptiae.</strong></span> 
     </span>
     <span class='ocr_line' id='line_1_9' title="bbox 668 629 838 668; baseline 0.012 -2"><span class='ocrx_word' id='word_1_48' title='bbox 668 629 838 668; x_wconf 71' lang='lat' dir='ltr'>SostA.</span> 
     </span>
     <span class='ocr_line' id='line_1_10' title="bbox 196 692 656 747; baseline -0.002 -14"><span class='ocrx_word' id='word_1_49' title='bbox 196 694 283 733; x_wconf 89' lang='lat' dir='ltr'>Cur</span> <span class='ocrx_word' id='word_1_50' title='bbox 308 692 476 733; x_wconf 85' lang='lat' dir='ltr'>simulas</span> <span class='ocrx_word' id='word_1_51' title='bbox 502 692 656 747; x_wconf 85' lang='lat' dir='ltr'>igitur?</span> 
     </span>
     <span class='ocr_line' id='line_1_11' title="bbox 678 755 822 795; baseline 0.007 -3"><span class='ocrx_word' id='word_1_52' title='bbox 678 755 822 795; x_wconf 73' lang='lat' dir='ltr'>suno.</span> 
     </span>
     <span class='ocr_line' id='line_1_12' title="bbox 614 817 1264 872; baseline 0.001 -15"><span class='ocrx_word' id='word_1_53' title='bbox 614 817 723 857; x_wconf 87' lang='lat' dir='ltr'>Rem</span> <span class='ocrx_word' id='word_1_54' title='bbox 751 831 924 861; x_wconf 87' lang='lat' dir='ltr'>omnem</span> <span class='ocrx_word' id='word_1_55' title='bbox 952 832 976 857; x_wconf 86' lang='lat' dir='ltr'>a</span> <span class='ocrx_word' id='word_1_56' title='bbox 1002 821 1218 872; x_wconf 89' lang='lat' dir='ltr'>principio</span> <span class='ocrx_word' id='word_1_57' title='bbox 1255 840 1264 864; x_wconf 89' lang='lat'>·.</span> 
     </span>
     <span class='ocr_line' id='line_1_13' title="bbox 193 874 1347 936; baseline -0.006 -12"><span class='ocrx_word' id='word_1_58' title='bbox 193 885 257 924; x_wconf 91' lang='lat' dir='ltr'>Eo</span> <span class='ocrx_word' id='word_1_59' title='bbox 284 893 412 936; x_wconf 80' lang='lat' dir='ltr'>pacto</span> <span class='ocrx_word' id='word_1_60' title='bbox 441 892 485 921; x_wconf 89' lang='lat' dir='ltr'>et</span> <span class='ocrx_word' id='word_1_61' title='bbox 510 883 627 935; x_wconf 80' lang='lat' dir='ltr'>gnati</span> <span class='ocrx_word' id='word_1_62' title='bbox 654 883 784 919; x_wconf 74' lang='lat' dir='ltr'>vitam</span> <span class='ocrx_word' id='word_1_63' title='bbox 813 890 855 919; x_wconf 91' lang='lat' dir='ltr'>et</span> <span class='ocrx_word' id='word_1_64' title='bbox 883 881 1108 920; x_wconf 86' lang='lat' dir='ltr'>consilium</span> <span class='ocrx_word' id='word_1_65' title='bbox 1134 874 1347 929; x_wconf 40' lang='grc' dir='ltr'><em>Ι</em></span> 
     </span>
     <span class='ocr_line' id='line_1_14' title="bbox 193 935 1361 1001; baseline -0.002 -14"><span class='ocrx_word' id='word_1_66' title='bbox 193 950 455 1001; x_wconf 74' lang='lat' dir='ltr'>Cognosces,</span> <span class='ocrx_word' id='word_1_67' title='bbox 484 955 541 994; x_wconf 91' lang='lat' dir='ltr'>et,</span> <span class='ocrx_word' id='word_1_68' title='bbox 569 944 675 998; x_wconf 88' lang='lat' dir='ltr'>quid</span> <span class='ocrx_word' id='word_1_69' title='bbox 701 943 844 983; x_wconf 78' lang='lat' dir='ltr'>facere</span> <span class='ocrx_word' id='word_1_70' title='bbox 871 946 917 982; x_wconf 89' lang='lat' dir='ltr'>in</span> <span class='ocrx_word' id='word_1_71' title='bbox 944 943 1024 983; x_wconf 83' lang='lat' dir='ltr'>hac</span> <span class='ocrx_word' id='word_1_72' title='bbox 1052 959 1098 984; x_wconf 92' lang='lat' dir='ltr'>re</span> <span class='ocrx_word' id='word_1_73' title='bbox 1126 955 1170 984; x_wconf 90' lang='lat' dir='ltr'>te</span> <span class='ocrx_word' id='word_1_74' title='bbox 1195 935 1361 992; x_wconf 58' lang='lat' dir='ltr'>vs==²s‘·;3“</span> 
     </span>
    </p>
   </div>
   <div class='ocr_carea' id='block_1_3' title="bbox 1218 819 1365 985">
    <p class='ocr_par' dir='ltr' id='par_1_3' title="bbox 1218 819 1365 985">
     <span class='ocr_line' id='line_1_15' title="bbox 1218 819 1365 914; baseline 0 0"><span class='ocrx_word' id='word_1_75' title='bbox 1218 819 1365 914; x_wconf 95' lang='lat' dir='ltr'>  </span> 
     </span>
     <span class='ocr_line' id='line_1_16' title="bbox 1224 914 1365 985; baseline 0 1991"><span class='ocrx_word' id='word_1_76' title='bbox 1224 914 1365 985; x_wconf 95' lang='lat' dir='ltr'> </span> 
     </span>
    </p>
   </div>
   <div class='ocr_carea' id='block_1_4' title="bbox 190 998 1506 1062">
    <p class='ocr_par' dir='ltr' id='par_1_4' title="bbox 190 998 1506 1062">
     <span class='ocr_line' id='line_1_17' title="bbox 190 998 1506 1062; baseline 0 -13"><span class='ocrx_word' id='word_1_77' title='bbox 190 1012 301 1049; x_wconf 83' lang='lat' dir='ltr'>Nam</span> <span class='ocrx_word' id='word_1_78' title='bbox 325 1011 361 1047; x_wconf 82' lang='lat' dir='ltr'>is</span> <span class='ocrx_word' id='word_1_79' title='bbox 387 1018 616 1062; x_wconf 82' lang='lat' dir='ltr'><strong>postquam</strong></span> <span class='ocrx_word' id='word_1_80' title='bbox 646 1010 824 1047; x_wconf 82' lang='lat' dir='ltr'><strong>excessit</strong></span> <span class='ocrx_word' id='word_1_81' title='bbox 852 1021 902 1047; x_wconf 89' lang='lat' dir='ltr'>ex</span> <span class='ocrx_word' id='word_1_82' title='bbox 930 1007 1121 1060; x_wconf 86' lang='lat' dir='ltr'>ephebis,</span> <span class='ocrx_word' id='word_1_83' title='bbox 1150 1010 1286 1059; x_wconf 78' lang='lat' dir='ltr'>Sosia,</span> <span class='ocrx_word' id='word_1_84' title='bbox 1314 1022 1370 1049; x_wconf 30' lang='lat' dir='ltr'>aes</span> <span class='ocrx_word' id='word_1_85' title='bbox 1435 998 1437 1002; x_wconf 19' lang='lat' dir='ltr'><em>V</em></span> <span class='ocrx_word' id='word_1_86' title='bbox 1500 1019 1506 1033; x_wconf 84' lang='lat'><strong><em>¹</em></strong></span> 
     </span>
    </p>
   </div>
   <div class='ocr_carea' id='block_1_5' title="bbox 109 1071 1416 2592">
    <p class='ocr_par' dir='ltr' id='par_1_5' title="bbox 109 1071 1416 2592">
     <span class='ocr_line' id='line_1_18' title="bbox 113 1071 1192 1124; baseline 0 -11"><span class='ocrx_word' id='word_1_87' title='bbox 113 1080 163 1120; x_wconf 90' lang='lat'>25</span> <span class='ocrx_word' id='word_1_88' title='bbox 188 1073 380 1113; x_wconf 81' lang='lat' dir='ltr'>Liberius</span> <span class='ocrx_word' id='word_1_89' title='bbox 408 1071 581 1112; x_wconf 88' lang='lat' dir='ltr'>vivendi</span> <span class='ocrx_word' id='word_1_90' title='bbox 612 1082 675 1111; x_wconf 84' lang='lat' dir='ltr'>est</span> <span class='ocrx_word' id='word_1_91' title='bbox 700 1081 910 1124; x_wconf 81' lang='lat' dir='ltr'>potestas:</span> <span class='ocrx_word' id='word_1_92' title='bbox 937 1086 1038 1111; x_wconf 86' lang='lat' dir='ltr'>nam</span> <span class='ocrx_word' id='word_1_93' title='bbox 1066 1083 1192 1113; x_wconf 79' lang='lat' dir='ltr'>antea</span> 
     </span>
     <span class='ocr_line' id='line_1_19' title="bbox 191 1138 1162 1190; baseline 0.001 -15"><span class='ocrx_word' id='word_1_94' title='bbox 191 1138 277 1190; x_wconf 86' lang='lat' dir='ltr'>Qui</span> <span class='ocrx_word' id='word_1_95' title='bbox 305 1139 413 1176; x_wconf 89' lang='lat' dir='ltr'>scire</span> <span class='ocrx_word' id='word_1_96' title='bbox 439 1149 588 1190; x_wconf 82' lang='lat' dir='ltr'>posses</span> <span class='ocrx_word' id='word_1_97' title='bbox 618 1146 690 1175; x_wconf 86' lang='lat' dir='ltr'>aut</span> <span class='ocrx_word' id='word_1_98' title='bbox 714 1138 938 1190; x_wconf 86' lang='lat' dir='ltr'>ingenium</span> <span class='ocrx_word' id='word_1_99' title='bbox 965 1149 1162 1186; x_wconf 86' lang='lat' dir='ltr'>noscere,</span> 
     </span>
     <span class='ocr_line' id='line_1_20' title="bbox 187 1178 1307 1254; baseline -0.001 -14"><span class='ocrx_word' id='word_1_100' title='bbox 187 1201 302 1240; x_wconf 87' lang='lat' dir='ltr'>Dum</span> <span class='ocrx_word' id='word_1_101' title='bbox 328 1210 458 1250; x_wconf 79' lang='lat' dir='ltr'>aetas,</span> <span class='ocrx_word' id='word_1_102' title='bbox 484 1210 637 1249; x_wconf 85' lang='lat' dir='ltr'>metus,</span> <span class='ocrx_word' id='word_1_103' title='bbox 664 1202 880 1254; x_wconf 82' lang='lat' dir='ltr'>magister,</span> <span class='ocrx_word' id='word_1_104' title='bbox 904 1178 1307 1253; x_wconf 48' lang='lat' dir='ltr'>fflibebantlffi...</span> 
     </span>
     <span class='ocr_line' id='line_1_21' title="bbox 666 1264 838 1304; baseline 0.006 -2"><span class='ocrx_word' id='word_1_105' title='bbox 666 1264 838 1304; x_wconf 70' lang='lat' dir='ltr'>SosrA.</span> 
     </span>
     <span class='ocr_line' id='line_1_22' title="bbox 1247 1328 1414 1368; baseline 0 0"><span class='ocrx_word' id='word_1_106' title='bbox 1247 1328 1312 1368; x_wconf 83' lang='lat' dir='ltr'>Ita</span> <span class='ocrx_word' id='word_1_107' title='bbox 1339 1339 1414 1368; x_wconf 87' lang='lat' dir='ltr'>est.</span> 
     </span>
     <span class='ocr_line' id='line_1_23' title="bbox 677 1392 828 1431; baseline 0.007 -1"><span class='ocrx_word' id='word_1_108' title='bbox 677 1392 828 1431; x_wconf 73' lang='lat' dir='ltr'>Sino.</span> 
     </span>
     <span class='ocr_line' id='line_1_24' title="bbox 190 1454 1265 1510; baseline -0.001 -16"><span class='ocrx_word' id='word_1_109' title='bbox 190 1455 323 1510; x_wconf 86' lang='lat' dir='ltr'>Quod</span> <span class='ocrx_word' id='word_1_110' title='bbox 348 1454 545 1508; x_wconf 85' lang='lat' dir='ltr'>plerique</span> <span class='ocrx_word' id='word_1_111' title='bbox 573 1468 722 1494; x_wconf 87' lang='lat' dir='ltr'>omnes</span> <span class='ocrx_word' id='word_1_112' title='bbox 750 1454 914 1494; x_wconf 84' lang='lat' dir='ltr'>faciunt</span> <span class='ocrx_word' id='word_1_113' title='bbox 941 1454 1265 1504; x_wconf 86' lang='lat' dir='ltr'>adolescentuli,</span> 
     </span>
     <span class='ocr_line' id='line_1_25' title="bbox 189 1517 1416 1574; baseline -0.002 -14"><span class='ocrx_word' id='word_1_114' title='bbox 189 1522 248 1560; x_wconf 85' lang='lat' dir='ltr'>Vt</span> <span class='ocrx_word' id='word_1_115' title='bbox 283 1521 469 1558; x_wconf 78' lang='lat' dir='ltr'>animum</span> <span class='ocrx_word' id='word_1_116' title='bbox 505 1517 561 1557; x_wconf 83' lang='lat' dir='ltr'>ad</span> <span class='ocrx_word' id='word_1_117' title='bbox 598 1518 776 1572; x_wconf 79' lang='lat' dir='ltr'>ahquod</span> <span class='ocrx_word' id='word_1_118' title='bbox 808 1518 995 1559; x_wconf 84' lang='lat' dir='ltr'>studium</span> <span class='ocrx_word' id='word_1_119' title='bbox 1042 1519 1276 1574; x_wconf 75' lang='lat' dir='ltr'>adjungant</span> <span class='ocrx_word' id='word_1_120' title='bbox 1285 1548 1300 1569; x_wconf 90' lang='lat'><em>,</em></span> <span class='ocrx_word' id='word_1_121' title='bbox 1343 1530 1416 1559; x_wconf 85' lang='lat' dir='ltr'>aut</span> 
     </span>
     <span class='ocr_line' id='line_1_26' title="bbox 882 1596 1015 1635; baseline 0.008 -15"><span class='ocrx_word' id='word_1_122' title='bbox 882 1596 1015 1635; x_wconf 85' lang='lat' dir='ltr'>equos</span> 
     </span>
     <span class='ocr_line' id='line_1_27' title="bbox 109 1645 1413 1706; baseline 0 -20"><span class='ocrx_word' id='word_1_123' title='bbox 109 1654 163 1694; x_wconf 82' lang='lat'>50</span> <span class='ocrx_word' id='word_1_124' title='bbox 180 1646 322 1696; x_wconf 87' lang='lat' dir='ltr'>Alere,</span> <span class='ocrx_word' id='word_1_125' title='bbox 351 1657 423 1686; x_wconf 76' lang='lat' dir='ltr'>aut</span> <span class='ocrx_word' id='word_1_126' title='bbox 443 1660 568 1686; x_wconf 85' lang='lat' dir='ltr'>canes</span> <span class='ocrx_word' id='word_1_127' title='bbox 590 1646 646 1685; x_wconf 84' lang='lat' dir='ltr'>ad</span> <span class='ocrx_word' id='word_1_128' title='bbox 665 1645 923 1706; x_wconf 68' lang='lat' dir='ltr'>venandmp,</span> <span class='ocrx_word' id='word_1_129' title='bbox 953 1656 1024 1684; x_wconf 78' lang='lat' dir='ltr'>aut</span> <span class='ocrx_word' id='word_1_130' title='bbox 1042 1646 1099 1685; x_wconf 84' lang='lat' dir='ltr'>ad.</span> <span class='ocrx_word' id='word_1_131' title='bbox 1114 1646 1413 1700; x_wconf 86' lang='lat' dir='ltr'>philosophos,</span> 
     </span>
     <span class='ocr_line' id='line_1_28' title="bbox 189 1709 1154 1763; baseline 0 -14"><span class='ocrx_word' id='word_1_132' title='bbox 189 1712 352 1750; x_wconf 87' lang='lat' dir='ltr'>Horum</span> <span class='ocrx_word' id='word_1_133' title='bbox 380 1711 454 1751; x_wconf 92' lang='lat' dir='ltr'>ille</span> <span class='ocrx_word' id='word_1_134' title='bbox 480 1709 587 1749; x_wconf 89' lang='lat' dir='ltr'>nihil</span> <span class='ocrx_word' id='word_1_135' title='bbox 615 1711 788 1763; x_wconf 86' lang='lat' dir='ltr'>egregie</span> <span class='ocrx_word' id='word_1_136' title='bbox 813 1720 986 1762; x_wconf 79' lang='lat' dir='ltr'>praeter</span> <span class='ocrx_word' id='word_1_137' title='bbox 1012 1720 1154 1749; x_wconf 86' lang='lat' dir='ltr'>cetera</span> 
     </span>
     <span class='ocr_line' id='line_1_29' title="bbox 189 1772 1272 1823; baseline 0 -9"><span class='ocrx_word' id='word_1_138' title='bbox 189 1774 409 1823; x_wconf 75' lang='lat' dir='ltr'>studebat,</span> <span class='ocrx_word' id='word_1_139' title='bbox 440 1785 482 1814; x_wconf 86' lang='lat' dir='ltr'>et</span> <span class='ocrx_word' id='word_1_140' title='bbox 509 1784 653 1813; x_wconf 88' lang='lat' dir='ltr'>tamen</span> <span class='ocrx_word' id='word_1_141' title='bbox 680 1775 825 1813; x_wconf 78' lang='lat' dir='ltr'>omnia</span> <span class='ocrx_word' id='word_1_142' title='bbox 851 1772 958 1813; x_wconf 85' lang='lat' dir='ltr'>haec</span> <span class='ocrx_word' id='word_1_143' title='bbox 983 1773 1272 1814; x_wconf 83' lang='lat' dir='ltr'>mediocriter.</span> 
     </span>
     <span class='ocr_line' id='line_1_30' title="bbox 189 1838 454 1879; baseline -0.008 0"><span class='ocrx_word' id='word_1_144' title='bbox 189 1838 454 1879; x_wconf 77' lang='lat' dir='ltr'>Gaudebam.</span> 
     </span>
     <span class='ocr_line' id='line_1_31' title="bbox 662 1901 836 1939; baseline 0.006 -1"><span class='ocrx_word' id='word_1_145' title='bbox 662 1901 836 1939; x_wconf 55' lang='lat' dir='ltr'>Sosin.</span> 
     </span>
     <span class='ocr_line' id='line_1_32' title="bbox 481 1963 1199 2004; baseline 0 0"><span class='ocrx_word' id='word_1_146' title='bbox 481 1967 584 2004; x_wconf 89' lang='lat' dir='ltr'>Non</span> <span class='ocrx_word' id='word_1_147' title='bbox 610 1965 784 2003; x_wconf 81' lang='lat' dir='ltr'>iniuria:</span> <span class='ocrx_word' id='word_1_148' title='bbox 814 1975 914 2002; x_wconf 85' lang='lat' dir='ltr'>nam</span> <span class='ocrx_word' id='word_1_149' title='bbox 940 1963 988 2002; x_wconf 90' lang='lat' dir='ltr'>id</span> <span class='ocrx_word' id='word_1_150' title='bbox 1016 1963 1199 2004; x_wconf 86' lang='lat' dir='ltr'>arbitror</span> 
     </span>
     <span class='ocr_line' id='line_1_33' title="bbox 190 2026 1305 2080; baseline 0.001 -13"><span class='ocrx_word' id='word_1_151' title='bbox 190 2029 397 2080; x_wconf 79' lang='lat' dir='ltr'>Adprime</span> <span class='ocrx_word' id='word_1_152' title='bbox 424 2030 470 2067; x_wconf 89' lang='lat' dir='ltr'>in</span> <span class='ocrx_word' id='word_1_153' title='bbox 497 2031 583 2067; x_wconf 83' lang='lat' dir='ltr'>vita</span> <span class='ocrx_word' id='word_1_154' title='bbox 611 2041 702 2066; x_wconf 89' lang='lat' dir='ltr'>esse</span> <span class='ocrx_word' id='word_1_155' title='bbox 728 2026 851 2075; x_wconf 90' lang='lat' dir='ltr'>utile,</span> <span class='ocrx_word' id='word_1_156' title='bbox 878 2036 926 2065; x_wconf 90' lang='lat' dir='ltr'>ut</span> <span class='ocrx_word' id='word_1_157' title='bbox 952 2039 1008 2066; x_wconf 92' lang='lat' dir='ltr'>ne</span> <span class='ocrx_word' id='word_1_158' title='bbox 1037 2027 1142 2080; x_wconf 89' lang='lat' dir='ltr'>quid</span> <span class='ocrx_word' id='word_1_159' title='bbox 1167 2030 1305 2068; x_wconf 77' lang='lat' dir='ltr'>nimis.</span> 
     </span>
     <span class='ocr_line' id='line_1_34' title="bbox 674 2090 818 2129; baseline 0 -1"><span class='ocrx_word' id='word_1_160' title='bbox 674 2090 818 2129; x_wconf 71' lang='lat' dir='ltr'>Sino.</span> 
     </span>
     <span class='ocr_line' id='line_1_35' title="bbox 111 2153 1271 2208; baseline 0.003 -16"><span class='ocrx_word' id='word_1_161' title='bbox 111 2162 163 2202; x_wconf 79' lang='lat'>55</span> <span class='ocrx_word' id='word_1_162' title='bbox 190 2155 259 2192; x_wconf 90' lang='lat' dir='ltr'>Sic</span> <span class='ocrx_word' id='word_1_163' title='bbox 285 2156 371 2193; x_wconf 77' lang='lat' dir='ltr'>vita</span> <span class='ocrx_word' id='word_1_164' title='bbox 400 2163 510 2193; x_wconf 86' lang='lat' dir='ltr'>erat:</span> <span class='ocrx_word' id='word_1_165' title='bbox 539 2153 664 2193; x_wconf 80' lang='lat' dir='ltr'>facile</span> <span class='ocrx_word' id='word_1_166' title='bbox 692 2167 840 2192; x_wconf 86' lang='lat' dir='ltr'>omnes</span> <span class='ocrx_word' id='word_1_167' title='bbox 867 2153 1060 2206; x_wconf 82' lang='lat' dir='ltr'>perferre</span> <span class='ocrx_word' id='word_1_168' title='bbox 1088 2169 1137 2194; x_wconf 91' lang='lat' dir='ltr'>ac</span> <span class='ocrx_word' id='word_1_169' title='bbox 1162 2158 1271 2208; x_wconf 76' lang='lat' dir='ltr'>pati3</span> 
     </span>
     <span class='ocr_line' id='line_1_36' title="bbox 192 2216 1331 2272; baseline 0.003 -15"><span class='ocrx_word' id='word_1_170' title='bbox 192 2221 300 2258; x_wconf 87' lang='lat' dir='ltr'>Cum</span> <span class='ocrx_word' id='word_1_171' title='bbox 329 2216 482 2270; x_wconf 89' lang='lat' dir='ltr'>quibus</span> <span class='ocrx_word' id='word_1_172' title='bbox 511 2227 602 2255; x_wconf 83' lang='lat' dir='ltr'>erat</span> <span class='ocrx_word' id='word_1_173' title='bbox 629 2229 798 2272; x_wconf 81' lang='lat' dir='ltr'>cunque</span> <span class='ocrx_word' id='word_1_174' title='bbox 824 2230 925 2266; x_wconf 79' lang='lat' dir='ltr'>una,</span> <span class='ocrx_word' id='word_1_175' title='bbox 951 2220 1004 2257; x_wconf 81' lang='lat' dir='ltr'>iis</span> <span class='ocrx_word' id='word_1_176' title='bbox 1032 2231 1125 2257; x_wconf 87' lang='lat' dir='ltr'>sese</span> <span class='ocrx_word' id='word_1_177' title='bbox 1153 2219 1331 2270; x_wconf 88' lang='lat' dir='ltr'>dedere,</span> 
     </span>
     <span class='ocr_line' id='line_1_37' title="bbox 191 2281 1193 2335; baseline -0.001 -13"><span class='ocrx_word' id='word_1_178' title='bbox 191 2283 407 2322; x_wconf 84' lang='lat' dir='ltr'>Advorsus</span> <span class='ocrx_word' id='word_1_179' title='bbox 433 2283 615 2327; x_wconf 77' lang='lat' dir='ltr'>nemini:</span> <span class='ocrx_word' id='word_1_180' title='bbox 646 2294 795 2320; x_wconf 89' lang='lat' dir='ltr'>eorum</span> <span class='ocrx_word' id='word_1_181' title='bbox 821 2281 969 2321; x_wconf 78' lang='lat' dir='ltr'>studiis</span> <span class='ocrx_word' id='word_1_182' title='bbox 998 2281 1193 2335; x_wconf 78' lang='lat' dir='ltr'>obsequi,</span> 
     </span>
     <span class='ocr_line' id='line_1_38' title="bbox 190 2344 1271 2398; baseline 0.003 -15"><span class='ocrx_word' id='word_1_183' title='bbox 190 2347 419 2398; x_wconf 79' lang='lat' dir='ltr'>Nunquam</span> <span class='ocrx_word' id='word_1_184' title='bbox 446 2354 719 2397; x_wconf 78' lang='lat' dir='ltr'>praeponens</span> <span class='ocrx_word' id='word_1_185' title='bbox 746 2358 792 2385; x_wconf 87' lang='lat' dir='ltr'>se</span> <span class='ocrx_word' id='word_1_186' title='bbox 819 2344 914 2385; x_wconf 84' lang='lat' dir='ltr'>illis.</span> <span class='ocrx_word' id='word_1_187' title='bbox 967 2345 1031 2385; x_wconf 67' lang='lat' dir='ltr'>Ita</span> <span class='ocrx_word' id='word_1_188' title='bbox 1057 2345 1271 2386; x_wconf 77' lang='lat' dir='ltr'>facillume</span> 
     </span>
     <span class='ocr_line' id='line_1_39' title="bbox 190 2407 1331 2462; baseline 0.001 -14"><span class='ocrx_word' id='word_1_189' title='bbox 190 2411 291 2448; x_wconf 90' lang='lat' dir='ltr'>Sine</span> <span class='ocrx_word' id='word_1_190' title='bbox 317 2407 480 2448; x_wconf 85' lang='lat' dir='ltr'>invidia</span> <span class='ocrx_word' id='word_1_191' title='bbox 504 2407 678 2447; x_wconf 89' lang='lat' dir='ltr'>laudem</span> <span class='ocrx_word' id='word_1_192' title='bbox 703 2411 910 2458; x_wconf 78' lang='lat' dir='ltr'>invenias,</span> <span class='ocrx_word' id='word_1_193' title='bbox 938 2420 982 2448; x_wconf 82' lang='lat' dir='ltr'>et</span> <span class='ocrx_word' id='word_1_194' title='bbox 1009 2413 1166 2450; x_wconf 80' lang='lat' dir='ltr'>amicos</span> <span class='ocrx_word' id='word_1_195' title='bbox 1193 2424 1331 2462; x_wconf 80' lang='lat' dir='ltr'>pares.</span> 
     </span>
     <span class='ocr_line' id='line_1_40' title="bbox 668 2471 1153 2522; baseline 0.014 -12"><span class='ocrx_word' id='word_1_196' title='bbox 668 2471 837 2512; x_wconf 59' lang='lat' dir='ltr'>Sosia.</span> <span class='ocrx_word' id='word_1_197' title='bbox 1148 2520 1153 2522; x_wconf 56' lang='grc'>,</span> 
     </span>
     <span class='ocr_line' id='line_1_41' title="bbox 109 2535 1340 2592; baseline 0.002 -16"><span class='ocrx_word' id='word_1_198' title='bbox 109 2541 162 2588; x_wconf 77' lang='grc' dir='ltr'>4ο</span> <span class='ocrx_word' id='word_1_199' title='bbox 188 2536 412 2589; x_wconf 80' lang='lat' dir='ltr'>Sapienter</span> <span class='ocrx_word' id='word_1_200' title='bbox 437 2538 567 2576; x_wconf 82' lang='lat' dir='ltr'>vitam</span> <span class='ocrx_word' id='word_1_201' title='bbox 593 2537 793 2579; x_wconf 74' lang='lat' dir='ltr'>instituit:</span> <span class='ocrx_word' id='word_1_202' title='bbox 821 2549 1006 2589; x_wconf 79' lang='lat' dir='ltr'>namque</span> <span class='ocrx_word' id='word_1_203' title='bbox 1033 2535 1118 2577; x_wconf 91' lang='lat' dir='ltr'>hoc</span> <span class='ocrx_word' id='word_1_204' title='bbox 1136 2538 1340 2592; x_wconf 51' lang='lat' dir='ltr'>*tempore</span> 
     </span>
    </p>
   </div>
   <div class='ocr_carea' id='block_1_6' title="bbox 1370 872 1456 1015">
    <p class='ocr_par' dir='ltr' id='par_1_6' title="bbox 1370 872 1456 1015">
     <span class='ocr_line' id='line_1_42' title="bbox 1370 872 1456 1015; baseline 0 1961"><span class='ocrx_word' id='word_1_205' title='bbox 1370 872 1456 1015; x_wconf 95' lang='lat' dir='ltr'> </span> 
     </span>
    </p>
   </div>
  </div>
 </body>
</html>
