1676 2976
721 6 739 15 s

690 86 883 133 VITA.
1006 74 1105 153 ἤλυθ’,
1265 147 1269 151 ἱ
1392 106 1447 133 tx

269 195 445 239 Eorum
475 191 559 238 ille
590 207 737 253 opera
764 207 826 237 ne
850 192 1039 236 domum
1064 191 1255 254 quidem
1285 193 1447 242 habuit

904 262 1268 347 conductitiam,

213 475 353 518 Hunc
383 474 602 523 Afranius
626 473 816 534 quidem
842 474 1056 519 omnibus
1082 474 1287 520 Comicis
1307 492 1446 536 prae-

126 544 232 601 fert,
266 544 551 589 scribens-in
583 542 945 602 Compitalibus:

274 616 502 658 Terentio
533 629 631 658 non
661 612 858 657 similem
891 613 1019 658 dices
1053 618 1332 675 quempiam.

129 683 369 729 Volcatius
402 695 556 727 autem
586 698 684 726 non
715 682 864 726 solum
896 684 1083 728 Naevio
1118 696 1164 728 et
1196 686 1364 730 Plauto
1397 699 1446 732 et

129 754 359 807 Caecilio,
392 752 480 805 sed
505 753 689 796 Licinio
723 768 934 812 quoque,
965 758 1230 813 postponit.
1274 756 1444 802 Cicero

126 828 177 868 in
207 826 405 868 Limone
434 823 655 866 hactenus
688 821 866 864 laudat:

271 895 346 937 Tu
377 907 590 953 quoque,
633 894 715 952 qui
750 891 876 936 solus
907 892 1035 936 lecto
1067 909 1305 950 sermone,
1348 898 1444 942 Te-

914 966 1049 1016 renti,

270 1021 560 1078 (fonversum
606 1046 967 1093 expressumque
1006 1031 1150 1077 latina
1190 1049 1309 1080 voce
1338 1038 1443 1082 Me-

913 1101 1140 1146 nandrum

265 1173 319 1216 In
348 1171 507 1216 medio
540 1171 724 1231 populo
755 1171 927 1216 sedatis
958 1173 1153 1216 vocibus
1185 1174 1333 1230 effers,

267 1242 505 1303 Quicquid
538 1257 672 1287 come
702 1241 902 1306 loquens
935 1254 1077 1303 atque
1110 1249 1266 1289 omnia
1289 1247 1445 1293 dulcia

913 1313 1085 1356 dicens.

119 1384 234 1428 Item
267 1382 319 1427 C.
354 1382 538 1426 Caesar:

266 1454 343 1497 Tu
374 1468 579 1514 quoque,
609 1464 663 1498 tu
693 1455 743 1496 in
772 1456 970 1508 summis,
1005 1471 1033 1498 ο
1067 1454 1308 1501 dimidiate
1337 1458 1443 1502 Me-

912 1524 1103 1579 nander,

263 1595 474 1648 ponem,
507 1605 555 1638 et
585 1595 769 1648 merito,
800 1597 907 1653 luri
936 1598 1163 1640 sermonis
1195 1608 1385 1641 amator.

264 1664 469 1710 Lenibus
501 1675 644 1725 atque
672 1667 851 1708 utinam
881 1669 1068 1725 scriptis
1109 1666 1327 1710 adiuncta
1365 1667 1441 1711 fo-

910 1748 982 1780 ret
1015 1739 1095 1790 vis,

196 1843 204 1853 ,,
265 1805 460 1849 Comica
489 1815 541 1848 ut
573 1816 774 1866 aequato
807 1808 951 1851 virtus
983 1806 1186 1865 polleret
1216 1808 1399 1852 honore

265 1875 384 1919 Cum
417 1875 620 1930 Graecis,
651 1891 807 1936 neque
838 1877 1004 1919 inhac
1036 1877 1285 1935 despectus
1305 1887 1441 1936 parte

907 1947 1106 1990 iaceres!

265 2006 422 2059 Unum
465 2014 560 2059 hoc
602 2029 814 2059 maceror
863 2027 911 2059 et
953 2015 1096 2060 doleo
1136 2017 1226 2060 tibi
1265 2018 1442 2077 deesse,

915 2086 1126 2130 Terenti.
1433 2084 1455 2115 '³

208 2153 340 2198 Haec
368 2154 622 2199 Suetonius
652 2130 969 2215 Tranquillus
1029 2157 1152 2201 Nam
1193 2156 1310 2201 duos
1342 2154 1458 2205 Tee-
1497 2125 1553 2182 ἦ,

110 2226 298 2270 ,τεηῐίοε
327 2230 495 2282 poetas
524 2223 666 2268 fuisse
694 2224 852 2269 scribit
882 2227 935 2271 M
1100 2243 1299 2287 quorum
1323 2229 1449 2273 alter‘

120 2281 428 2365 megella*
441 2292 604 2347 fuerit,
645 2293 895 2341 Terentius
1055 2329 1069 2351 ,
1109 2297 1228 2342 alter
1257 2298 1439 2343 liberti-
1486 2310 1491 2313 “
1551 2275 1557 2279 Ὗ

119 2370 226 2417 nus,
260 2363 532 2417 Terentius,
559 2364 675 2409 Afer
703 2369 875 2425 patria,
907 2367 969 2413 de
999 2384 1094 2429 quo
1125 2385 1250 2413 nunc
1280 2368 1437 2431 loqui-

119 2449 232 2478 mur.
294 2434 531 2493 Scipionis
560 2434 739 2483 fabulas
770 2438 972 2484 edidisse
1002 2439 1291 2494 Terentium,
1323 2441 1438 2484 Val-

115 2508 215 2565 gius
243 2507 293 2548 in
320 2506 563 2550 Actaeone
593 2508 676 2550 ait:
