1676 2976
15 12 17 14 ¹
41 0 77 11 ἶς’-τ
87 0 100 11 a*
111 0 129 10 ⁴¹?
140 0 186 13 ’μυ--
197 0 249 15 uss!-
275 0 355 12 ‘'“x‘stss‘
423 0 435 7 ν
478 0 488 2 --
518 0 558 5 -ww
584 0 587 1 ν
684 0 704 17 ,-
860 15 868 25 ⁸
945 0 972 19 *y
987 0 1003 8 -=·
1041 0 1044 2 v

554 123 935 163 EVNVCHVS.
1077 95 1080 104 ’
1334 131 1403 172 141

628 224 864 262 Prrnus.

83 291 162 339 360
188 291 305 328 Bene
335 286 492 338 edepol
520 300 686 326 narras:
716 301 813 325 nam
843 286 903 324 illi
931 286 1055 325 faveo
1082 286 1248 339 virgini.

190 354 253 392 Ite
283 355 415 389 intro:
448 351 692 389 iamdudum
723 350 821 388 hera
852 364 926 388 vos
956 344 1167 402 exspectat
1197 350 1327 388 domi.

188 440 241 448 -
269 417 415 453 Virum
446 414 605 452 bonum
636 427 782 451 eccum
810 413 1118 452 Parmenonem
1146 413 1348 452 incedere

191 482 214 516 Χ
234 481 347 518 ideo.
379 478 505 522 Vide,
534 487 578 514 ut
607 479 768 515 otiosus
797 479 843 524 it,
873 480 905 515 si
935 474 999 515 dis
1027 477 1187 529 placet!

193 545 344 595 Spero,
373 554 440 578 me
469 539 641 588 habere,
669 553 767 579 meo
787 543 859 593 qui
878 539 989 579 hunc
1009 544 1243 580 excruciem
1261 540 1407 580 modo.

84 609 162 656 865
193 608 266 645 .·bo
297 609 425 650 intro,
454 604 508 642 de
538 608 784 658 cognitione
812 613 857 640 ut
887 615 1045 642 certum
1074 608 1224 651 sciam:

190 674 290 711 Post
320 683 424 708 exeo
454 664 580 721 atque
608 667 720 707 hunc
746 668 996 719 perterrebo
1026 670 1288 724 sacrilegum.

340 983 734 1035 PA'RMENO.
801 986 1150 1035 PYTHIAS.

366 1119 425 1177 3
622 1118 879 1157 Piniano.

188 1184 359 1233 Reviso,
381 1176 585 1236 Quidnam
608 1179 799 1219 Chaerea
819 1180 889 1219 hic
907 1195 1048 1220 rerum
1069 1192 1199 1236 gerat.
1299 1184 1351 1221 V.
1370 1189 1408 1235 4.

190 1249 355 1301 Quodsi
385 1257 475 1285 astu
502 1260 592 1284 rem
621 1248 826 1292 tractavit,
855 1246 914 1293 di,
942 1255 1124 1283 vostram
1153 1245 1297 1294 fidem,

190 1313 416 1364 Quantam,
446 1324 570 1363 quam
598 1322 755 1358 veram,
783 1309 953 1348 laudem
984 1312 1123 1360 capiet
1151 1310 1381 1349 Parmeno!

83 1382 161 1426 870
187 1376 292 1413 Nam
322 1386 367 1414 ut
394 1372 719 1425 mittam,·quod
748 1374 787 1410 ei
816 1386 1005 1411 amorem
1035 1371 1348 1412 difficillumum
1368 1385 1411 1413 et

189 1441 475 1484 Carissimum,
505 1452 527 1476 a
556 1439 779 1475 meretrice
808 1432 931 1475 ava'ra
957 1439 1165 1490 virginem

190 1504 327 1555 Quam
358 1501 538 1548 amabat,
568 1515 662 1539 eum
694 1500 863 1538 confeci
891 1503 983 1539 sine
1011 1499 1220 1548 molestia,

190 1567 290 1604 Sine
318 1576 470 1613 sumtu,
499 1567 589 1604 sine
619 1563 866 1616 dispendio;
897 1574 985 1602 tum
1014 1563 1096 1602 hoc
1124 1564 1301 1602 alterum

191 1629 239 1667 Id
266 1643 368 1667 vero
398 1639 475 1676 est,
503 1627 623 1681 quod
651 1641 732 1681 ego
762 1627 862 1665 mihi
891 1638 996 1680 puto
1026 1627 1296 1678 palmarium:

88 1699 165 1744 875
193 1695 265 1731 Me
294 1695 547 1744 repperisse,
576 1692 798 1744 quomodo
828 1691 1168 1730 adolescentulus

192 1757 464 1794 Meretricum
493 1758 664 1808 ingenia
694 1765 736 1794 et
762 1769 903 1793 mores
931 1764 1075 1806 posset
1104 1768 1298 1802 noscere,

190 1820 358 1857 Mature
385 1828 432 1856 ut
460 1833 553 1856 cum
584 1821 781 1871 cognorit
808 1829 1020 1870 perpetuo
1050 1814 1213 1856 oderit:

196 1882 318 1932 Quae
347 1882 446 1919 dum
475 1881 578 1920 foris
608 1891 717 1928 sunt,
746 1881 806 1919 nil
833 1882 1002 1919 videtur
1028 1882 1247 1927 mundius:

192 1945 342 1996 Neque
380 1947 511 1998 magis
549 1947 833 1996 compositum
878 1944 1110 1997 quidquam
1152 1958 1237 1982 nec
1280 1948 1412 2001 magis

819 2008 1006 2061 elegans,

90 2077 169 2117 880
198 2072 335 2123 Quam
366 2085 459 2109 cum
488 2082 676 2110 amatore
706 2086 887 2110 coenam
916 2084 1046 2123 quom
1073 2069 1321 2124 ligurriunt:

194 2136 352 2172 Harum
379 2135 524 2173 videre
552 2135 769 2184 inluviem,
797 2134 960 2182 sordes,
987 2136 1200 2186 inopiam;

196 2200 335 2250 Quam
372 2197 623 2237 inhonestae
660 2202 743 2238 sint
778 2198 896 2238 solae
933 2197 1051 2235 domi
1094 2208 1221 2251 atque
1264 2200 1413 2240 avidae

818 2260 921 2306 cibi;

196 2325 294 2376 Quo
322 2335 449 2376 pacto
480 2339 529 2363 ex
555 2328 646 2364 iure
674 2325 873 2364 hesterno
901 2339 1058 2377 panem
1086 2337 1221 2365 atrum
1239 2339 1411 2368 vorent<

194 2390 329 2427 hosse
359 2392 502 2427 omnia
530 2387 650 2438 haec,
678 2389 800 2427 saluti
830 2398 893 2427 est
921 2389 1262 2430 adolescentulis.
1345 2384 1353 2391 ’

36 2504 39 2507 v
642 2454 870 2492 Pmums.

92 2523 170 2564 885
198 2517 288 2570 Ego
318 2515 392 2568 pol
423 2525 463 2554 te
491 2529 571 2567 pro
600 2518 688 2556 istis
717 2517 838 2556 dictis
868 2526 910 2554 et
935 2516 1071 2565 factis,
1099 2517 1249 2567 scelus,

192 2580 395 2629 Vlciscar,
423 2590 469 2618 ut
496 2594 552 2619 ne
579 2582 753 2631 impune
780 2580 827 2618 in
852 2591 931 2619 nos
960 2581 1169 2620 inluseris.
