1676 2976
516 139 559 157 ,Ἰ
594 98 897 139 ADELPHI.
1338 108 1416 155 289

191 201 307 248 Nisi,
346 199 446 239 dum
481 197 585 238 haec
621 198 824 238 silescunt
858 196 1039 261 turbae&
1053 197 1229 275 futei-ea
1263 200 1310 238 in
1338 212 1412 239 an-

890 276 963 299 um
1074 272 1102 299 Δ
1123 268 1126 273 ’
1152 268 1161 286 -’

86 328 165 381 760
190 327 350 381 AJiquo
387 327 535 367 abeam
572 336 700 381 atque
737 262 1020 365 edogrlrssniscam
1062 307 1155 366 hoe'
1190 324 1308 365 villi?
1350 327 1411 365 sic

814 402 950 443 agam·

446 615 535 688 M1
549 641 701 694 010,
763 641 1047 693 DEMEA.

662 774 840 813 M1c10.

189 835 337 874 Parata
365 849 390 875 a
415 835 541 876 nobis
566 824 680 886 cunt,
707 847 754 876 ut
781 837 881 884 dixi,
909 836 1115 875 Sostrata:
1287 835 1342 874 V.
1374 847 1409 874 1.

190 897 275 944 ,Vbi
302 901 450 940 vis....
498 901 704 955 Quisnam
740 915 764 940 a
796 913 866 938 me
900 899 1076 952 pepulit·
1103 908 1189 938 tam
1223 895 1407 952 graviter

809 963 955 1002 fores?

646 1029 842 1067 Duum.

187 1089 271 1128 Hei
297 1090 416 1139 mihi,
446 1091 551 1145 quid
576 1090 755 1131 faciam?
782 1090 887 1144 quid
914 1089 1068 1144 agam?
1095 1089 1202 1143 quid
1229 1088 1409 1128 clamem

811 1164 882 1193 aut
909 1154 1089 1208 querar?

188 1216 227 1255 Ο
257 1216 445 1258 coelum!
476 1231 503 1257 0
532 1220 665 1257 terra!
696 1231 723 1256 ο
750 1220 883 1257 maria
908 1219 1119 1270 Neptuni!

651 1281 839 1319 Μιοιο.

1167 1341 1279 1379 Hem
1306 1340 1406 1380 fibi!

84 1405 161 1459 765
187 1406 373 1447 Rescivit
400 1420 572 1448 omnem
596 1421 707 1447 rem:
735 1407 783 1446 id
808 1420 924 1446 nunc
952 1406 1104 1446 clamat
1131 1404 1315 1452 scilicet3

188 1471 363 1511 Paratae
389 1472 504 1513 lites:
533 1471 866 1512 succurrendum
893 1480 969 1510 est.

643 1537 839 1575 Damni.

995 1597 1155 1636 Eccum
1182 1595 1303 1634 adest

190 1663 437 1702 Communis
466 1662 708 1714 corruptela
733 1661 927 1701 nostrssm
950 1657 1155 1699 liberfim!

655 1726 834 1764 M1e1o.

189 1789 386 1828 Tandem
406 1792 597 1843 *reprime
625 1788 890 1827 iracundiam
917 1797 1045 1842 atque
1074 1786 1131 1826 ad
1157 1796 1201 1825 te
1228 1784 1339 1825 redi.

650 1853 843 1891 Deum.

189 1917 403 1969 Repressi,
430 1915 554 1964 redii,
580 1919 703 1954 mitto
731 1915 958 1954 maledicta
987 1914 1150 1952 omnia:

86 1994 164 2035 770
189 1982 297 2019 Rem
324 1982 458 2031 ipsam
484 1989 693 2030 putemus.
721 1981 893 2018 Dictum
919 1980 1031 2016 inter
1056 1989 1136 2015 nos
1163 1975 1247 2014 hoc
1274 1973 1356 2013 fuit

193 2045 275 2097 (Ex
303 2053 345 2082 te
374 2044 483 2082 adeo
514 2053 575 2082 est
603 2043 792 2093 ortum),
818 2054 875 2080 ne
903 2051 950 2080 tu
978 2053 1144 2080 curares
1171 2051 1317 2078 meum

192 2110 308 2150 Neve
338 2120 420 2161 ego
449 2107 591 2146 tuum?
617 2106 846 2158 responde.

655 2171 836 2209 M101o.

695 2280 699 2283 ⁵
848 2231 1021 2270 Factum
1050 2240 1131 2277 est;
1160 2240 1253 2268 non
1277 2239 1406 2282 nego.

646 2298 842 2336 Danu.

194 2364 282 2402 Cur
306 2374 424 2400 meus
451 2373 566 2400 nunc
594 2361 709 2413 apud
737 2370 778 2399 te
796 2358 944 2412 potat?
971 2371 1047 2397 cur
1062 2358 1217 2409 recipis
1235 2354 1407 2394 meum?

194 2428 282 2466 Cm·
309 2427 411 2464 emis
441 2427 632 2473 amicam,
660 2423 823 2463 Micio?
847 2421 1057 2476 numquid
1082 2413 1232 2460 minus

89 2496 167 2544 775
193 2491 257 2529 Mi
290 2490 407 2528 idem
440 2493 505 2529 ius
541 2500 681 2528 tecum
716 2492 775 2528 ais
822 2500 936 2535 esse,
979 2486 1100 2541 quod
1134 2497 1303 2526 mecum
1343 2492 1406 2523 est

814 2550 920 2590 tibi?

976 2613 1016 2652 T
