1676 2976
0 0 652 90 F*WW'*³
727 0 837 13 -.w
1017 0 1021 2 .
1100 0 1676 46 *wwwvvqu-w·

271 117 350 167 268
745 118 789 158 P.
832 99 1129 159 TERENn‘

374 218 459 261 Fac
512 204 734 264 ⁴molere2
766 230 850 272 ego
877 218 1131 267 Micionem,
1158 220 1194 259 si
1224 218 1279 259 ad
1305 219 1446 261 forum
1477 231 1554 271 est,

376 275 475 325 con
562 284 642 323 'am
680 292 830 336 atque,
868 291 915 321 ut
951 295 1019 321 res
1054 293 1173 335 gesta
1202 293 1287 332 est,
1323 284 1507 325 narrabo
1537 298 1605 324 or-

1009 345 1124 385 dine.

375 411 417 447 Si
449 420 524 458 est,
552 420 598 448 ut
627 423 749 449 suum
778 407 962 449 facturus
993 409 1182 448 officium
1211 413 1308 460 siet,

375 474 535 520 Faciam
566 476 630 513 sin
660 473 784 513 aliter
812 474 866 514 de
895 472 974 513 hac
1004 488 1050 514 re
1080 484 1145 513 est
1174 476 1263 514 eius
1292 479 1517 526 sententia,

269 542 348 591 490
375 539 654 593 Respondeat
689 540 769 588 mi,
813 548 883 587 ut,
923 538 1029 593 quid
1066 551 1212 593 agam,
1254 553 1379 593 quam
1422 544 1604 593 primum

1002 616 1145 642 sciam.

565 925 977 975 CTESIPHO.
1044 923 1299 973 SYRVS.

801 1058 1086 1098 c-rnsxpnos

370 1122 484 1171 Ain’,
511 1131 677 1175 patrem
706 1120 805 1161 hinc
834 1120 970 1160 abisse
998 1120 1099 1160 rus?

844 1186 1019 1225 Svnvs.

974 1249 1243 1289 Iamdudum.
1257 1279 1266 1288 .
1277 1279 1286 1288 .
1298 1277 1308 1288 .

793 1314 1069 1354 Crnnrno.

1269 1377 1352 1415 Dic
1381 1375 1528 1414 sodes!

846 1442 1024 1481 Srnv&

989 1505 1119 1558 Apud
1147 1502 1288 1542 villam
1320 1512 1401 1547 est:
1457 1502 1530 1542 lv.
1567 1516 1598 1542 1.

372 1571 499 1610 Nunc
529 1582 623 1609 cum
653 1582 846 1608 maxume
876 1571 1020 1622 operis
1049 1566 1212 1623 aliquid
1239 1566 1381 1606 facere
1412 1567 1558 1606 credo.

794 1634 1071 1674 Cnsuno.

1194 1697 1369 1734 Vtinam
1397 1695 1596 1748 quidem!

373 1760 509 1815 Quod
538 1774 634 1800 cum
661 1760 796 1801 salute
827 1762 917 1800 eius
952 1758 1047 1808 fiat,
1083 1761 1142 1798 ita
1176 1773 1222 1799 se
1258 1758 1501 1813 defetigarit
1530 1774 1599 1798 ve·

998 1823 1089 1873 lim,

368 1890 426 1929 Vt
454 1888 597 1929 triduo
627 1886 711 1927 hoe
737 1898 951 1942 perpetuo
979 1901 1177 1940 prorsum
1207 1902 1230 1927 e
1258 1886 1374 1927 lecto
1411 1898 1598 1941 nequeat

999 1966 1187 2006 surgere.

840 2015 1017 2055 Srnv&

263 2089 342 2139 495
369 2082 430 2123 Ita
458 2081 530 2121 fiat
558 2092 601 2122 et
628 2084 752 2129 istoc,
780 2082 814 2120 si
844 2080 948 2133 quid
977 2081 1090 2132 potis
1122 2089 1198 2128 est,
1227 2080 1403 2118 rectius!

791 2146 1070 2185 Cusmno.

1102 2206 1185 2245 lta:
1215 2218 1311 2244 nam
1343 2204 1455 2243 hunc
1485 2204 1597 2244 diem

368 2277 505 2316 Nimis
533 2274 688 2313 misere
717 2273 871 2326 cupio,
899 2283 946 2310 ut
975 2272 1123 2324 coepi,
1152 2279 1408 2321 perpetuum
1438 2272 1484 2309 in
1511 2268 1598 2309 lae-

1000 2337 1090 2374 titia
1121 2333 1301 2387 degere:

370 2403 422 2442 Et
450 2401 556 2442 illud
583 2414 652 2440 rus
680 2398 795 2439 nulla
825 2399 906 2439 alia
936 2412 1057 2438 causa
1088 2401 1144 2437 ita
1174 2394 1284 2435 male
1314 2395 1405 2444 odi,

369 2467 460 2505 Nisi
491 2467 589 2518 quin
618 2478 755 2517 prope
786 2474 860 2503 est.
890 2463 1055 2517 Quodsi
1086 2462 1255 2515 longius
1286 2458 1467 2509 abesset,

369 2530 465 2570 Nox
492 2530 608 2581 prius
637 2530 921 2582 oppressisset
948 2528 1034 2567 illic
1064 2540 1188 2581 quam
1219 2522 1301 2563 huc
1320 2527 1477 2564 revorti
1497 2537 1597 2577 pos·

998 2600 1063 2631 tet
1091 2592 1265 2634 iterum
