1676 2976
262 85 340 139 ια,
405 57 442 93 ⁴*
514 81 564 149 4·
734 79 1115 135 &Tanau-rt
1198 71 1241 158 ᾗ

86 203 107 219 ⁸
364 187 548 228 Valebit.
602 185 747 237 Quare
775 195 924 223 omnes
952 196 1027 223 vos
1056 192 1200 223 oratos
1227 182 1346 231 volo,

365 253 431 293 Ne
458 250 551 303 plus
581 245 771 301 iniquum
800 248 936 299 possit
964 259 1092 299 quam
1118 243 1302 300 aequt'un
1331 248 1483 285 orado.

366 316 507 354 Facite
536 314 660 365 aequi
688 311 796 351 sitis!
828 310 927 349 date
957 310 1177 350 crescendi
1205 312 1388 363 copiam,
1490 293 1506 310 ⁸

368 380 584 418 Novarum
613 378 685 428 qui
714 373 937 427 spectandi
966 372 1128 412 faciunt
1157 375 1326 426 copiam

289 450 342 489 30
370 443 470 479 Sine
499 441 628 479 vitiis:
658 451 713 479 ne
743 437 815 476 ille
841 450 922 490 pro
951 450 997 476 se
1026 436 1185 476 dictum
1216 439 1451 487 existumet,

369 506 454 558 Qui
482 516 620 556 nuper
647 496 750 541 fecit
776 508 899 542 soevo
931 503 1116 540 currenti
1144 502 1190 539 in
1215 502 1288 551 via

367 570 554 608 Decesse
582 566 804 619 populum.
836 578 910 603 cur
938 567 1088 611 insano
1118 562 1185 602 hic
1214 563 1395 604 serviat?

366 634 435 672 De
466 630 574 669 illius
602 632 788 682 peccatis
817 629 940 681 plura
969 619 1098 677 dicet,
1128 642 1222 667 cum
1251 626 1371 668 dabit

369 696 483 736 Alias
512 707 659 743 novas,
686 695 767 733 nisi
797 692 922 733 finem
951 692 1188 751 maledictis
1218 691 1331 732 facit.

274 769 342 811 ‘35
369 761 527 801 Adeste
557 771 696 812 aequo
726 759 891 799 animo!
924 754 1022 797 date
1050 767 1305 809 potestatem
1334 753 1451 805 mihi,

369 826 589 864 Statariam
620 835 746 876 agere
773 831 820 860 ut
847 815 975 859 liceat
1001 834 1081 873 per
1108 821 1348 877 silentium,

369 892 435 930 Ne
464 900 633 939 semper
660 898 804 925 servos
835 898 1022 934 currens,
1051 887 1227 927 iratuss
1268 887 1273 894 ”
1338 912 1352 932 ,

369 954 487 993 Edax
512 952 734 1004 parasitus,
762 948 1023 1005 sycophanta
1053 959 1195 988 autem
1341 947 1462 996 dens,

370 1019 530 1058 Avarus
558 1014 675 1062 leno,
705 1013 882 1053 adsidue
912 1013 1068 1067 agendi
1098 1015 1181 1052 sint
1209 1009 1310 1051 mihi

291 1088 344 1136 4ο
373 1080 571 1122 Clamore
598 1091 779 1126 summo,
810 1091 903 1115 cum
933 1076 1081 1116 labore
1109 1090 1318 1115 maxumo.

371 1147 472 1187 Mea
500 1155 639 1192 causa,
669 1155 835 1181 causam
864 1138 972 1179 hanc
1000 1143 1151 1179 iustam
1181 1154 1287 1189 esse,
1316 1140 1501 1178 animum
1530 1138 1594 1175 in-

1000 1204 1158 1251 ducite,

370 1275 428 1313 Vt
457 1272 720 1331 aliquaaears
748 1268 906 1308 laboris
935 1270 1148 1307 minuatur
1177 1264 1301 1305 mihi:

370 1340 478 1379 Nam
506 1348 620 1375 nunc
647 1347 779 1373 novas
808 1335 880 1387 qui
910 1331 1112 1379 scribunt,
1141 1330 1200 1370 nil
1229 1340 1410 1382 parcunt
1437 1331 1547 1369 seni:

370 1403 414 1441 Si
443 1414 552 1455 quae
579 1397 794 1438 laboriosa
825 1406 901 1444 est,
933 1396 987 1434 ad
1014 1409 1082 1435 me
1113 1397 1312 1441 curritur;

288 1470 342 1519 45
370 1466 412 1505 Si
440 1465 548 1504 lenis
578 1473 655 1511 est,
684 1462 739 1502 ad
767 1460 894 1500 alium
924 1458 1113 1498 defertur
1141 1472 1327 1512 gregem.

77 1509 196 1574 *7*
370 1530 418 1569 In
446 1527 524 1567 hac
553 1537 617 1567 est
643 1539 750 1580 pura
780 1526 940 1564 oratio:
971 1524 1236 1575 experimini,

368 1594 419 1633 In
446 1603 668 1645 utramque
695 1598 861 1642 partem
891 1589 1111 1641 ingenium
1140 1586 1242 1640 quid
1274 1588 1409 1638 possit
1437 1599 1590 1623 meum.

367 1658 412 1696 Si
440 1669 657 1710 nunquam
687 1666 811 1693 avare
839 1653 1022 1704 pretium
1051 1653 1175 1689 statui
1205 1652 1283 1689 arti
1312 1663 1449 1697 meae,

368 1722 421 1761 Et
457 1734 554 1760 eum
592 1724 696 1758 esse‘
718 1725 940 1771 quaestum
976 1716 1022 1754 in
1058 1716 1243 1753 animum
1280 1712 1424 1752 induxi
1453 1727 1593 1752 maxu-

995 1791 1125 1827 mum,

290 1857 343 1898 50
370 1851 509 1903 Quam
537 1859 730 1887 maxume
758 1846 916 1884 servire
943 1844 1094 1893 vostris
1126 1841 1380 1890 commodis,

370 1910 620 1964 Exemplum
647 1911 817 1950 statuite
846 1911 891 1947 in
919 1921 1003 1956 me,
1032 1915 1079 1945 ut
1107 1904 1421 1945 adolescentuli

369 1977 505 2019 Vobis
532 1975 704 2029 placere
732 1972 931 2014 studeant
958 1973 1100 2024 potius
1130 1984 1259 2024 quam
1285 1969 1414 2010 sibi.

1421 2042 1453 2060 ἢ.

461 2226 836 2279 CHREMES.
892 2222 1399 2273 MENEDEMVS.

802 2359 1061 2399 Canama&

374 2426 630 2480 Quanquam
666 2422 773 2463 haec
810 2425 1038 2479 intoelnos
1074 2431 1216 2472 nuper
1249 2420 1406 2458 notitia
1449 2417 1596 2457 admo·

1000 2483 1100 2522 dum
1131 2492 1207 2531 est,
1500 2480 1529 2519 1.
1567 2495 1595 2519 1.

371 2552 477 2594 Inde
493 2551 604 2592 adeo
624 2550 743 2607 quod
763 2563 912 2605 agrum
930 2552 975 2590 in
992 2559 1202 2602 proxumo
1222 2543 1292 2585 hic
1309 2556 1517 2586 mercatus
1540 2559 1598 2593 es,

1509 2609 1600 2647 Nec
