1676 2976
245 126 289 159 ι
351 103 1210 182 ΗΕΑνΤοΝΤΙΜοῙὶνΜΕΝοε.
1376 120 1449 177 15⁹3

66 193 134 275 ὁ
455 230 458 233 ’
648 229 907 267 Cuneus.

395 276 424 312 ἰ
876 291 994 345 Quid
1019 293 1079 330 ita
1105 291 1242 330 istuc?
1300 328 1306 333 .

603 354 941 394 Mantuanus.

590 424 621 431 “‘
656 412 673 417 λ
1306 419 1436 459 Scies.

214 477 288 516 Est
317 493 341 518 e
371 477 582 518 Corintho
611 478 680 519 hic
708 481 872 520 advena
899 495 1002 522 anus
1029 482 1314 536 pauperculam

136 547 188 592 45
216 543 314 582 Eius
343 542 471 581 filiam
501 543 574 582 ille
605 557 745 582 amare
775 548 920 597 coepit
946 547 1132 598 perdite,

217 589 297 645 pssffo
325 621 457 645 uxore
485 617 531 645 ut
559 606 735 646 haberet
760 610 844 646 iam
871 623 1025 662 prope.
1064 611 1182 649 Haec
1221 610 1329 649 clam
1364 625 1434 650 me

840 676 997 713 omnia.

215 734 298 772 Vbi
327 748 415 774 rem
445 735 610 781 rescivi,
641 739 766 788 coepi
794 750 884 775 non
911 735 1166 785 humanitus,

211 794 366 851 Neque
394 808 440 836 ut
469 800 654 836 animum
684 799 826 838 decuit
854 811 1077 854 aegrotum
1105 801 1435 852 adolescentuli,

214 863 431 911 Tractare,
459 872 523 901 set
550 864 618 900 via
644 875 724 914 pro
753 862 923 917 volgata
950 874 1141 915 patrum:

133 931 186 970 50
214 927 421 980 Quotidie
450 924 718 965 accusabam:
747 926 872 975 Hem,
902 926 1035 966 tibine
1065 925 1170 967 haec
1199 929 1356 968 diutius

211 991 359 1028 Licere
388 1003 530 1042 speras
558 989 701 1028 facere
728 1003 797 1027 me
824 993 922 1029 vivo
950 1001 1086 1042 patre,

207 1055 397 1092 Amicam
424 1064 471 1092 ut
498 1052 652 1092 habeas
678 1066 819 1105 prope
846 1056 931 1092 iam
958 1057 1003 1093 in
1030 1057 1171 1094 uxoris
1198 1054 1339 1097 loco?

209 1118 347 1166 Erras,
375 1121 410 1156 si
436 1117 484 1155 id
513 1115 664 1164 credis,
694 1126 737 1155 et
762 1131 832 1155 me
858 1119 1047 1171 ignoras,
1076 1119 1235 1159 Clinia:

209 1182 301 1235 Ego
330 1192 372 1222 te
399 1195 541 1220 meum
570 1194 661 1219 esse
691 1179 776 1218 dici
804 1183 1011 1233 tantisper
1038 1182 1160 1235 volo,v

130 1249 182 1289 55
210 1246 344 1294 Dum,
373 1245 492 1299 quod
519 1255 562 1283 te
592 1244 769 1298 dignum
797 1254 885 1292 est,
922 1239 1183 1330 faciQffi
1203 1249 1240 1286 si
1266 1247 1314 1286 id
1340 1261 1433 1287 non

833 1308 953 1358 facis,

205 1371 312 1426 EgO,
342 1373 462 1426 quod
487 1386 574 1432 me.
583 1374 631 1411 in
657 1382 699 1411 te
727 1375 781 1411 sit
809 1372 985 1426 dignum
1013 1340 1172 1426 faex,
1206 1389 1428 1415 mvenero.

206 1434 332 1475 Nulla
362 1437 472 1475 adeo
503 1450 553 1475 ex
578 1450 626 1474 re
652 1439 761 1475 istuc
788 1439 923 1475 nimio
952 1440 1034 1476 nisi
1061 1437 1108 1476 fit
1136 1439 1241 1476 otio.

205 1500 297 1553 Ego
324 1502 433 1539 istuc
462 1502 607 1540 aetatis
637 1513 727 1538 non
756 1513 933 1552 operam
962 1502 1097 1539 amori
1127 1501 1295 1551 dabam,

208 1565 280 1602 Set
306 1565 449 1604 Asiam
476 1554 656 1615 pfopter
682 1567 932 1616 pauperiem
971 1563 1069 1603 hinc
1098 1565 1181 1603 abii
1211 1576 1338 1618 atque
1366 1565 1428 1604 ibi

130 1627 180 1666 60
208 1627 339 1666 Simul
365 1641 542 1681 remque
572 1637 614 1666 et
641 1627 743 1666 belli
772 1628 952 1682 gloriam
982 1631 1106 1667 armis
1135 1633 1322 1681 repperi.

208 1693 427 1731 Postremo
458 1692 568 1730 adeo
598 1705 664 1729 res
693 1691 843 1729 rediit:
875 1691 1219 1731 adolescentulus

204 1756 343 1808 Saepe
372 1755 523 1794 eadem
553 1765 594 1793 et
622 1757 806 1808 graviter
834 1755 1051 1794 audiendo
1080 1758 1213 1796 victus
1243 1766 1327 1796 est:

208 1820 385 1867 Putavit,
413 1829 554 1857 meet
582 1809 726 1857 aetate
748 1828 789 1856 et
818 1818 1118 1858 benevolentia

208 1883 301 1923 Plus
330 1886 436 1922 scire
467 1893 507 1921 et
534 1882 764 1934 providere
792 1895 918 1934 quam
947 1896 992 1920 se
1019 1885 1157 1934 ipsum
1186 1883 1288 1922 sibi:

130 1948 181 1993 65
209 1948 258 1986 In
284 1948 426 1986 Asiam
455 1947 509 1984 ad
536 1959 680 2000 regem
709 1944 932 1983 militatum
959 1945 1078 1995 abiit,
1107 1944 1301 1986 Chreme.

639 2011 894 2048 Cum-:miss⁸

210 2074 327 2127 Quid
355 2073 442 2111 ais?

599 2137 932 2176 MENEDEmvs.

359 2234 367 2242 ,
390 2201 609 2240 Profectus
640 2200 746 2239 clam
774 2215 843 2239 me
872 2209 954 2247 est;
981 2212 1148 2240 menses
1177 2211 1261 2240 tres
1290 2199 1421 2240 abest.

644 2266 893 2303 Cunus.

207 2329 346 2369 Ambo
375 2328 624 2375 accusandi;
655 2331 731 2366 etsi
758 2327 866 2366 illud
893 2330 1110 2380 inceptum
1139 2339 1282 2368 tamen

208 2394 408 2434 Pudentis
439 2394 567 2431 animi
598 2402 659 2431 est
686 2394 854 2446 signum
882 2402 925 2430 et
949 2406 1041 2431 non
1067 2395 1307 2436 insu-enni„

595 2457 643 2495 M
655 2457 928 2501 Ennhuvs.

206 2520 290 2559 Vbi
321 2522 509 2572 comperi
540 2534 589 2559 ex
615 2523 680 2568 iis,
710 2522 781 2572 qui
810 2519 930 2559 fuere
959 2522 998 2558 ei
1028 2523 1204 2568 conscii,

128 2598 179 2636 70
206 2586 391 2624 Domum
420 2595 614 2624 revortor
640 2594 824 2624 moestus
854 2594 979 2638 atque
1009 2586 1151 2624 animo
1179 2584 1271 2624 fere

945 2650 979 2687 L
1006 2662 1030 2686 2
