1676 2976
7 0 174 31 v
252 0 258 2 .
659 0 671 4 -
950 0 972 10 -

977 60 1005 78 w,
1018 45 1049 82 ⁴⁸..-

666 80 867 127 VITA.
1347 92 1433 122 vu

104 197 221 236 riter
260 192 388 236 vixit.
437 188 648 233 Eandem
687 190 791 247 ipse
830 187 980 230 auxit:
1074 195 1266 245 'nquam
1309 179 1434 228 eni-m

104 264 196 306 nisi
226 260 399 304 leviter
426 275 478 303 se
508 261 651 302 tutari
676 268 886 312 conatur,
917 267 968 301 ut
990 259 1042 300 in
1062 254 1265 316 prologo
1288 253 1436 298 Adel-

106 333 328 392 phorum:
637 377 667 398 *
1107 381 1109 383 ¹
1143 382 1145 385 ·

254 402 379 446 Nam
421 399 553 461 qnod
592 401 672 444 isti
719 398 881 443 dicunt
928 413 974 440 m
1051 372 1172 451 voli,
1223 396 1438 440 homines

907 483 970 511 no
1044 482 1092 511 es

256 543 398 585 Hunc
431 540 645 583 adiutare
677 539 966 600 adsidueque
996 550 1089 595 una
1117 536 1354 590 scribere,··

262 610 407 669 Quod
439 610 510 653 illi
541 608 842 653 maledictum
873 609 1126 653 vehemens
1146 623 1245 651 esse
1268 609 1440 651 existu-

570 730 572 734 y
909 688 1049 731 mant,

257 752 371 795 Eam
403 739 591 795 lauded}
621 749 698 792 hic
729 748 858 793 ducit
890 763 1170 802 maxumam,
1213 764 1318 793 cum
1349 747 1457 802 illis„

912 818 1081 878 placet,

262 892 357 948 Qui
388 890 523 934 vobis
555 890 785 932 univorsis
818 899 865 932 et
897 889 1081 948 populo
1113 889 1316 948 placent,

260 962 472 1018 Quorum
505 973 652 1018 opera
683 961 733 1001 in
764 958 915 1013 bello„
940 963 989 1003 in
1012 962 1129 1014 otio,
1158 963 1209 1003 in
1233 962 1441 1018 negotio,

260 1032 357 1074 Suo
390 1032 592 1090 quisque
621 1040 842 1088 tempore
873 1046 980 1074 usus
1010 1033 1113 1074 sine
1144 1030 1377 1089 superbia.

116 1100 318 1144 Videtur
350 1111 504 1143 autem
537 1115 586 1143 se
618 1099 764 1144 levius
799 1099 1082 1155 defendisse,
1116 1104 1226 1162 quia
1256 1101 1443 1154 sciebat,

115 1170 281 1214 Laelio
315 1182 363 1214 et
393 1171 610 1229 Scipioni
640 1185 741 1213 non
772 1172 999 1229 ingratum
1041 1187 1139 1214 esse
1178 1172 1298 1215 hanc
1339 1173 1448 1229 opi-

116 1245 338 1297 nionem;
388 1255 510 1300 quae
548 1251 706 1283 tamen
745 1243 887 1299 magis
931 1253 977 1284 et
1020 1244 1163 1300 magis
1201 1258 1350 1303 usque
1388 1241 1447 1285 ad

117 1314 385 1372 posteriora
414 1322 637 1370 tempora
668 1309 827 1353 valuit.
870 1311 927 1367 Q.
967 1312 1213 1356 Memmius
1252 1316 1303 1355 in
1343 1328 1448 1356 ora-

117 1386 251 1426 tione
282 1397 370 1440 pro
402 1398 453 1425 se
495 1384 583 1424 ait:
622 1382 672 1423 P.
704 1380 977 1436 Africanus,
1018 1385 1119 1443 qui,
1162 1399 1187 1426 a
1219 1384 1448 1426 Terentio
1512 1417 1517 1419 -

119 1467 371 1512 personam
404 1463 653 1504 mutuatus,
687 1466 808 1512 quae
841 1452 971 1496 domi
1002 1452 1173 1496 luserat
1204 1456 1320 1513 ipse,
1361 1469 1451 1497 no-

120 1526 247 1566 mine
290 1522 415 1565 illius
454 1525 504 1565 in
552 1537 737 1565 scenam
788 1521 972 1567 detulit.
1041 1524 1208 1583 Nepos
1258 1536 1453 1568 auctore

123 1604 255 1637 certo
308 1608 358 1636 se
409 1594 692 1651 comperisse
734 1595 811 1646 ait,
869 1594 921 1637 C.
961 1594 1173 1638 Laelium
1214 1596 1453 1657 quondam

123 1667 173 1707 in
218 1663 483 1707 Puteolano
527 1662 747 1706 Calendis
791 1663 997 1717 Martiis,
1052 1664 1346 1710 admonitum
1395 1666 1453 1709 ab

125 1750 295 1788 uxore,
325 1736 589 1792 temporius
620 1744 671 1776 ut
705 1733 1040 1789 discumberet,
1072 1739 1264 1794 petiisse
1296 1736 1352 1779 ab
1386 1751 1453 1790 ea,

125 1819 186 1846 ne
218 1803 622 1862 interpellaretur;
664 1805 810 1846 serius
847 1804 1038 1848 tandem
1077 1808 1326 1865 ingressum
1368 1808 1457 1849 tri-

130 1873 319 1916 clinium
361 1873 548 1926 dixisse,
602 1889 700 1916 non
748 1889 891 1933 saepe
938 1877 987 1917 in
1026 1876 1275 1920 scribendo
1316 1878 1458 1935 magis

130 1945 401 1986 successisse
440 1943 551 1998 sibi;
593 1942 766 1987 deinde
807 1956 1039 2003 rogatum,
1081 1956 1133 1988 ut
1170 1948 1345 2005 scripta
1377 1947 1459 1990 illa

132 2013 381 2070 proferret,
414 2014 743 2070 pronuntiasse
775 2029 945 2068 versus,
978 2017 1060 2075 qui
1090 2027 1195 2059 sunt
1226 2018 1277 2060 in
1298 2018 1500 2061 Heau-mf

132 2091 535 2124 tontimorumeno
548 2097 559 2124 :

278 2151 399 2194 Satis
442 2151 527 2210 pol
566 2162 793 2210 proterve
833 2168 908 2196 me
947 2154 1057 2215 Syri
1098 2159 1326 2215 promissa
1370 2160 1461 2203 huc

931 2224 1229 2270 induxerunt.

135 2290 303 2332 Santra
333 2290 609 2336 Terentium
633 2293 876 2347 existimat,
907 2296 947 2338 si
965 2283 1112 2350 1³de
1138 2299 1187 2340 in
1208 2298 1460 2343 scribendo

138 2336 437 2403 adiutoribffi
461 2361 726 2423 indiguerit,
756 2379 855 2408 non
883 2375 979 2408 tam
1008 2363 1233 2424 Scipione
1265 2379 1311 2411 et
1343 2370 1463 2412 Lae-

140 2429 207 2473 lio
245 2432 319 2473 uti
364 2434 596 2488 potuisse,
643 2435 726 2493 qui
775 2445 888 2478 tunc
932 2433 1273 2481 adolescentuli
1316 2439 1461 2495 fuere,

140 2515 279 2561 quam
311 2500 524 2560 Sulpicio
559 2502 715 2559 Gallo,
747 2504 938 2551 homine
970 2504 1115 2549 docto
1149 2517 1196 2550 et
1228 2511 1310 2569 qui
1334 2510 1463 2554 Con-

983 2683 1018 2721 ·5:

994 2746 1003 2757 ι
1012 2745 1020 2754 τ’
