1676 2976
418 48 462 82 ,v
787 16 829 74 <Q

250 97 360 147 174·
686 58 765 131 15
800 90 840 130 ‘r

1079 90 1100 130 1

351 191 540 254 Capillus
567 204 730 245 passus,
756 151 982 244 prodigus,
1009 191 1166 266 circum
1195 200 1322 244 caput

309 254 547 312 Reiectus
573 255 856 310 negligenter.

811 319 1013 359 emm.

919 382 1018 431 Pax,
1045 381 1151 437 Syre
1178 384 1251 432 mi,
1278 381 1476 434 obsecro,
1499 407 1504 413 -

246 454 324 501 240
348 449 415 487 Ne
443 461 512 487 me
541 450 585 487 in
612 447 817 487 laetitiam
845 444 997 505 frustra
1027 448 1253 487 coniicias!

819 510 995 550 Srnvm

1308 575 1423 615 Anus

350 639 583 679 Subtemen
611 638 765 685 nebat:
794 648 1017 691 praeterea
1045 651 1130 678 una
1159 637 1356 678 ancillula

347 704 468 749 Erat:
500 717 550 743 ea
579 702 748 743 texebat
775 716 876 752 una,
902 705 1056 756 pannis
1085 701 1238 752 obsita,

346 766 570 823 Neglecta,
598 766 1018 819 immunda-inluvie.

774 832 1049 871 Cunetio.

1123 896 1239 935 Vera
1267 892 1388 944 haec,
1418 893 1573 943 Clinia,

349 960 393 998 Si
421 969 533 1007 sunt,
561 968 607 997 ut
637 958 784 1008 credo,
814 939 907 1014 quis
937 970 979 1000 te
1007 959 1295 999 fortunatior?
1624 949 1627 952 ’

243 1029 340 1076 245
348 1023 460 1065 Scin?
493 1033 538 1061 tu
566 1021 691 1073 hanc,
719 1036 846 1077 quam
877 1025 984 1063 dicit
1011 1024 1271 1064 sordidatam
1294 1022 1523 1063 sordidae?

347 1089 555 1143 Magnum
591 1085 675 1126 hoc
710 1101 885 1143 quoque
925 1090 1094 1143 signum
1123 1098 1207 1138 est,
1237 1087 1454 1127 dominam
1484 1101 1574 1127 esse

981 1163 1094 1191 extra
1122 1153 1309 1201 noxiam,

350 1217 458 1257 Cum
485 1214 762 1270 negliguntur
790 1217 878 1255 eius
907 1218 1201 1255 internuntiis-

348 1282 459 1321 Nam
487 1278 713 1332 disciplina
743 1289 806 1319 est
834 1279 1012 1328 eisdem,
1039 1271 1304 1319 munerarier

347 1342 534 1384 Ancillas
563 1345 771 1396 primum,
800 1343 855 1383 ad
884 1343 1078 1383 dominas
1107 1346 1179 1397 qui
1209 1343 1425 1383 adfectant
1453 1346 1573 1383 viam.

811 1409 1007 1448 Cuma.

243 1475 322 1516 250
349 1470 500 1524 Perge,
530 1470 711 1511 obsecro
741 1481 799 1521 te,
828 1482 870 1511 et
900 1486 1016 1521 cave,
1044 1485 1100 1512 ne
1128 1471 1274 1510 falsam
1303 1472 1478 1525 gratiam

312 1568 319 1577 .
349 1534 529 1575 Studeas
558 1537 682 1575 inire.
739 1535 859 1590 Quid
886 1539 961 1585 ais,
988 1535 1059 1575 ubi
1091 1550 1160 1575 me
1186 1536 1411 1574 nominas?

822 1600 997 1639 Srnvm

349 1660 435 1700 Vbi
464 1662 658 1711 dicimus,
686 1662 865 1703 rediisse
895 1673 937 1703 te
967 1674 1009 1704 et
1036 1677 1203 1719 rogare,
1232 1666 1294 1703 uti

348 1726 529 1765 Veniret
557 1727 612 1766 nd
641 1736 697 1776 te,
727 1726 879 1766 mulier
906 1727 1032 1766 telam
1063 1728 1219 1767 desinit

350 1790 570 1831 Continuo
600 1802 643 1831 et
668 1791 866 1831 lacrumis
897 1791 1046 1844 opplet
1075 1806 1123 1831 os
1153 1802 1305 1842 totum,
1333 1801 1405 1831 tuo

245 1859 322 1899 255
350 1855 408 1894 Vt
435 1853 563 1895 facile
590 1857 718 1895 scires
749 1855 968 1896 desiderio
998 1856 1043 1896 id
1069 1855 1174 1896 fieri.

805 1922 1015 1961 Cuma.

348 1982 455 2021 Prae
483 1983 659 2037 gaudio,
687 1986 745 2023 ita
773 1998 841 2024 me
871 1984 915 2024 di
945 1981 1102 2035 ament,
1129 1983 1204 2024 ubi
1231 1986 1325 2035 sim,
1353 1986 1522 2023 nescio:

348 2046 412 2086 Ita
442 2049 576 2087 timui.
1265 2039 1267 2041 Ι

777 2113 1048 2152 Οιιτιριιο.

614 2176 670 2215 At
698 2176 758 2216 nil
789 2191 871 2232 ego
901 2191 992 2217 esse
1021 2175 1194 2226 scibam,
1223 2175 1374 2216 Clinia.

351 2238 549 2293 Agedum
576 2242 774 2291 vicissim,
802 2243 921 2297 Syre,
950 2242 1034 2291 dic,
1062 2254 1173 2296 quae
1200 2240 1272 2280 illa
1302 2251 1364 2280 est
1393 2239 1549 2279 altera?

824 2307 993 2346 Svnvm

350 2365 613 2407 Adducimus
642 2378 755 2407 tunm
784 2367 1053 2410 Bacchidem.

778 2436 1045 2476 Curtrno.

982 2498 1106 2546 Hem,
1132 2496 1267 2551 quid?
1290 2495 1574 2538 Bacchidem?

249 2556 327 2598 260
352 2554 462 2606 Eho,
490 2557 684 2610 sceleste,
713 2575 800 2616 quo
828 2562 945 2629 ¹¹¹⁸?
972 2562 1179 2603 adducis?

1092 2861 1113 2900 ‘5
