1676 2976
423 631 1104 715 PROLOGVS.

210 884 465 961 Postquam
492 911 624 960 poeta
651 910 797 957 sensit,
824 910 1076 960 scripturam
1103 921 1222 948 suam

207 972 382 1025 Iniquos
413 971 653 1020 observare,
682 982 738 1019 et,
767 971 1029 1011 adversarios

206 1037 402 1074 Peiorem
429 1049 582 1088 rapere
609 1038 655 1074 in
681 1045 861 1087 partem,
890 1049 1016 1088 quam
1045 1038 1178 1074 acturi
1206 1049 1362 1086 sumus,

207 1099 374 1137 Indicio
404 1099 458 1138 de
486 1113 579 1138 sese
606 1101 700 1151 ipse
729 1101 823 1146 erit,
851 1111 926 1137 vos
954 1099 1134 1146 iudices,

153 1168 180 1208 5
207 1163 399 1201 Laudine
429 1163 529 1201 duci
557 1177 610 1201 an
638 1165 743 1200 vitio
770 1160 928 1200 factum
956 1163 1002 1201 id
1031 1172 1243 1214 oporteat.

205 1225 653 1280 Synapothnescontes
681 1224 846 1278 Diphili
876 1227 1103 1264 comoedia
1134 1236 1219 1271 est;

204 1291 307 1330 Eam
338 1290 678 1329 Commorientes
707 1289 876 1328 Plautus
905 1289 1008 1328 fecit
1035 1289 1243 1335 fabulam;

203 1353 252 1392 In
282 1355 448 1393 Graeca
478 1353 728 1393 adolescens
759 1363 836 1401 est,
864 1355 937 1406 qui
963 1353 1113 1391 lenoni
1144 1356 1271 1405 eripit

205 1418 494 1465 Meretricem,
524 1420 569 1456 in
598 1421 735 1471 prima
762 1416 928 1462 fabula:
959 1431 1056 1456 eum
1086 1417 1254 1456 Plautus
1283 1417 1430 1457 locum

131 1495 179 1524 10
203 1481 392 1534 Reliquit
419 1484 646 1536 integrum,
676 1496 771 1521 eum
799 1481 869 1520 hic
895 1481 1040 1520 locum
1067 1484 1215 1520 sumsit
1242 1480 1322 1520 sibi

204 1545 252 1583 In
281 1543 517 1596 Adelphos,
545 1546 721 1585 verbum
751 1547 805 1585 de
833 1544 966 1585 verbo
997 1559 1239 1596 expressum
1260 1546 1428 1593 extulit;

202 1609 305 1648 Eam
335 1622 413 1647 nos
444 1613 576 1648 acturi
606 1624 747 1648 sumus
775 1623 954 1648 novam:
983 1612 1245 1661 pernoscite,

203 1673 433 1712 Furtumne
462 1673 619 1711 factum
650 1675 906 1712 existumetis
937 1686 991 1711 an
1018 1673 1163 1711 locum

201 1737 542 1788 Reprehensum,
571 1740 643 1790 qui
672 1740 925 1789 praeteritus
954 1737 1217 1791 negligentia
1246 1748 1320 1776 est.

132 1806 178 1845 15
204 1802 314 1838 Nam
342 1800 462 1852 quod
489 1802 557 1838 isti
587 1802 735 1839 dicunt
762 1799 975 1849 malevoli,
1003 1799 1195 1839 homines
1223 1801 1390 1842 nobiles

205 1863 313 1902 Eum
341 1863 547 1910 adiutare,
577 1864 840 1922 adsidueque
868 1878 951 1902 una
980 1864 1182 1913 scribere,

208 1926 340 1980 Quod
368 1924 428 1963 illi
456 1926 730 1965 maledictum
756 1927 984 1967 vehemens
1015 1943 1105 1968 esse
1135 1931 1399 1979 existumant,

204 1989 308 2027 Eam
335 1988 506 2028 laudem
534 1989 603 2028 hic
632 1991 749 2029 ducit
776 2004 1025 2040 maxumam,
1055 1992 1249 2031 cumillis
1267 1993 1425 2046 placet,

206 2054 291 2105 Qui
320 2051 439 2091 vobis
468 2057 677 2093 univorsis
709 2064 750 2092 et
777 2054 943 2105 populo
971 2055 1159 2107 placent,

131 2130 179 2156 20
205 2118 401 2169 Quorum
432 2131 563 2168 opera
591 2122 635 2156 in
665 2117 794 2166 bello,
824 2120 870 2155 in
901 2121 1007 2167 otio,
1034 2122 1079 2157 in
1107 2122 1303 2173 negotio,

206 2180 291 2217 Suo
322 2181 501 2232 quisque
530 2191 725 2233 tempore
752 2195 849 2220 usus
879 2184 970 2220 sine
999 2183 1210 2235 superbia.

202 2240 386 2290 Dehmc,
414 2257 469 2282 ne
500 2248 748 2296 exspectetis
778 2256 1070 2298 argumentum
1099 2247 1283 2296 fabulae,

203 2304 351 2351 Senes,
381 2310 453 2359 qui
481 2311 606 2360 primi
635 2312 821 2357 venient,
850 2308 892 2346 hi
919 2313 1073 2360 partim
1101 2314 1309 2363 aperient,

205 2369 253 2407 In
284 2371 452 2422 agendo
480 2377 633 2423 partim
663 2372 902 2411 ostendent.
931 2373 1073 2413 Facite
1102 2377 1405 2428 aequanimitas

129 2439 176 2478 25
204 2434 363 2471 Poetae
393 2435 602 2490 adaugeat
629 2436 685 2474 ad
710 2435 983 2476 scribendum
1009 2437 1271 2478 industriam.
