1676 2976
182 6 216 36 ⁴
467 0 583 53 ,μ’-

388 137 389 140 ,
425 135 440 154 s
596 96 860 173 ANDAEQIA.
1339 103 1395 151 59

385 165 446 191 ...Α

442 241 446 243 s
645 198 820 237 Mysis.

170 260 208 299 Ο
238 269 412 311 optume
439 255 619 312 hospes!
648 261 739 313 pol,
769 263 904 310 Crito,
932 262 1152 315 antiquom
1180 261 1368 302 obtines!

638 327 817 364 CfflTo.

167 388 263 426 Duc
291 401 359 426 me
389 387 444 427 ad
472 402 582 433 eam,
609 387 783 442 quando
813 386 1033 438 huc—veni,
1059 399 1107 428 ut
1132 389 1315 430 videam.
1370 402 1377 407 ·

638 453 813 492 ΜΥειε.
1203 453 1223 502 4}
1249 458 1257 462 ”’

1176 517 1391 558 Maxume.

631 582 818 619 DAvas.

172 642 334 695 Sequar
361 641 462 683 hos:
489 643 595 684 nolo
616 642 699 681 hoc
718 645 763 682 in
783 653 976 696 tempore
998 656 1069 688 me
1085 643 1230 685 videat
1248 659 1390 687 senex.

399 890 778 943 CHREMES.
854 895 1059 945 SIMO.

606 1027 857 1065 CHREMES.
1232 1083 1236 1085 μ

67 1103 144 1143 790
170 1091 276 1130 Satis
306 1094 409 1138 iam,
444 1091 567 1138 satis,
604 1090 744 1139 Simo,
781 1100 970 1143 spectata
1008 1104 1109 1146 erga
1136 1102 1178 1130 te
1207 1095 1391 1134 amicitia

410 1204 414 1205 ⁷
796 1164 858 1192 est
884 1169 999 1201 mea;
1269 1159 1321 1196 V.
1356 1172 1389 1196 1.

171 1219 276 1256 Satis
303 1217 454 1270 pericli
482 1218 628 1270 iite'qsi
655 1217 793 1256 adire:
824 1218 977 1257 orandi
1005 1221 1088 1258 iam
1116 1219 1244 1259 finem
1271 1220 1388 1260 face:

171 1282 269 1320 Tibi
306 1282 406 1320 dum
445 1266 672 1336 obfequier
711 1282 889 1331 studeo,
931 1296 1046 1334 pene
1090 1284 1216 1323 inlusi
1263 1288 1392 1325 vitam

795 1344 919 1384 filiae.

463 1405 490 1474 ξ
660 1409 805 1448 ὃιΜο.

167 1470 260 1510 Imo
290 1474 404 1510 enim
429 1484 546 1512 nunc
574 1486 700 1526 quam
726 1487 919 1513 maxume
948 1474 1020 1513 abs
1061 1485 1103 1513 te
1129 1476 1301 1527 postfflo
1330 1487 1391 1516 at-

793 1551 876 1590 que
906 1551 999 1586 oro,
1028 1538 1225 1589 Chreme,

168 1601 228 1640 Vt
269 1598 547 1649 beneficium,
591 1600 729 1640 verbis
766 1603 918 1640 initum
956 1603 1138 1652 dudum,
1183 1617 1231 1642 re
1274 1617 1390 1645 nunc

794 1665 1060 1718 comprobes.

607 1729 858 1769 Cannu-fis.

65 1795 143 1843 795
170 1790 298 1839 Vide,
327 1803 454 1844 quam
480 1792 651 1844 iniquos
680 1795 733 1832 sis
761 1807 866 1845 prae
894 1794 1057 1833 studio!
1098 1794 1199 1833 dum
1226 1796 1272 1835 id
1302 1797 1391 1836 effi-

795 1860 893 1906 cias,
923 1858 1043 1910 quod
1073 1861 1205 1910 cupis,

171 1919 322 1971 Neque
349 1918 526 1958 modum
553 1917 842 1972 benignitatis,
870 1935 1027 1974 neque,
1057 1922 1162 1974 quid
1188 1937 1257 1962 me
1278 1938 1388 1974 ores,

798 1987 978 2038 cogitas:

170 2047 280 2084 Nam
308 2047 342 2083 si
371 2048 549 2100 cogites,
576 2050 763 2086 remittas
791 2050 875 2087 iam
902 2062 972 2087 me
1001 2062 1181 2089 onerare
1209 2053 1387 2094 iniuriis.

654 2111 794 2150 Simo.

170 2171 363 2226 Quibus?
720 2190 749 2210 ι-

604 2238 855 2278 Caunus.

369 2300 424 2338 At
451 2301 638 2354 rogitas?
662 2303 884 2354 perpulisti
912 2318 996 2352 me,
1022 2315 1070 2344 ut
1097 2304 1260 2346 homini
1281 2308 1386 2348 ado-

790 2367 1026 2408 lescentulo

170 2426 220 2466 In
249 2426 332 2465 alio
364 2439 574 2480 occupato
604 2443 774 2485 amore,>
796 2430 1041 2473 abhorrenti
1069 2434 1120 2473 ab
1148 2449 1196 2474 re
1221 2439 1384 2486 uxoria,

60 2497 138 2539 800
164 2490 312 2530 Filiam
351 2492 496 2532 darem
530 2495 576 2532 in
614 2495 869 2535 seditionem
913 2507 1039 2551 atque
1082 2501 1264 2540 incertas
1306 2515 1386 2540 nu-

790 2562 915 2613 ptias,
