1676 2976
258 109 330 149 106
722 105 766 143 P.
812 100 1111 142 TERENTI
1171 91 1179 96 “

249 216 329 263 390
358 208 599 249 Continuo:
629 205 661 242 si
692 200 868 256 quando
896 200 969 239 illa
998 200 1133 239 dicet:
1162 199 1452 250 „Phaedriam

356 271 707 310 Intromittamus:
740 267 870 304 comis
901 265 1020 310 est;”
1052 274 1117 304 tu:
1148 266 1451 319 „Pamphilam

357 339 582 376 Cantatum
611 330 956 383 provocemus!”
987 331 1021 367 si
1050 327 1243 368 laudabit
1270 329 1377 370 haec

359 401 472 439 Illius
502 399 700 442 sormam,
730 403 775 431 tu
804 392 925 431 huius
956 402 1126 438 contra:
1157 394 1344 448 denique

356 466 424 503 Tu
452 475 532 515 par
559 461 651 513 pari
683 457 860 504 referto,
890 457 1013 510 quod
1042 470 1134 495 eam
1163 458 1373 499 mordeat.

811 522 981 560 Tarus
993 534 1034 559 0.
1269 511 1296 543 ἦ

247 599 324 645 395
352 589 571 643 Siquidem
598 601 668 627 me
697 595 878 634 amaret,
916 594 1004 624 tum
1044 586 1151 625 istuc
1176 585 1430 639 prodesset,
1468 588 1584 628 Gna-

987 647 1076 687 tho.

804 713 1036 751 varuo.

355 781 494 833 Quam
525 778 702 827 dudum,
734 777 854 831 quod
883 787 927 815 tu
958 777 1049 826 des,
1080 789 1274 831 expectat
1303 789 1430 833 atque
1459 790 1584 828 amat,

353 845 462 883 Tam
492 844 652 883 dudum
684 854 724 882 te
756 852 881 890 amat,
912 851 997 880 tam
1027 842 1189 881 dudum
1219 843 1280 882 illi
1310 842 1436 882 facile
1465 843 1525 891 fit,

354 908 488 963 Quod
527 908 692 948 doleat:
740 916 903 945 metuet
941 919 1134 959 semper,
1181 920 1308 961 quem
1345 910 1437 960 ipsa
1471 921 1585 947 nunc

984 972 1114 1023 capit,

351 1036 551 1075 Fructum
578 1047 634 1075 ne
665 1034 839 1089 quando
869 1043 915 1072 tu
943 1033 1028 1072 alio
1058 1037 1186 1074 iratus
1217 1035 1425 1076 conferas.

803 1099 1032 1138 TunAso.

245 1170 325 1218 400
351 1166 469 1206 Bene
499 1164 627 1211 <nnn
657 1177 706 1204 ac
734 1164 790 1202 mi
821 1165 929 1200 istuc
957 1174 1047 1201 non
1076 1165 1120 1202 in
1149 1173 1339 1202 mentem
1367 1173 1556 1203 venerat.

798 1228 1032 1266 Gmwrno.

350 1292 619 1333 Ridiculum:
649 1303 740 1330 non
769 1293 883 1329 enim
912 1292 1141 1344 cogitaras:
1175 1301 1363 1330 ceterum

353 1357 403 1397 ld
433 1366 520 1395 tute
548 1354 699 1395 melius
729 1363 890 1408 quanto
919 1356 1166 1401 invenisses,
1195 1353 1382 1394 Thraso!

362 1664 610 1714 THAIS.
678 1662 1010 1711 THRASO.
1079 1663 1469 1714 PARMENO.

525 1739 876 1789 GNATHO.
942 1739 1298 1788 PYTHIAS.

823 1871 1004 1910 Tuus.

350 1936 513 1976 Audire
543 1936 630 1974 visa
659 1948 811 1973 vocem
839 1934 973 1972 modo
1003 1947 1093 1972 sum
1123 1934 1289 1983 militis:
1444 1935 1515 1974 111.
1547 1949 1581 1974 2.

350 2003 491 2055 Atque
521 2012 683 2039 eccum.
730 1998 869 2046 Salve,
898 1999 955 2036 mi
985 1996 1174 2037 Thraso!

808 2063 1033 2101 Tmuso.

1219 2127 1258 2167 O
1288 2125 1418 2167 Thais
1448 2140 1555 2173 mea,

245 2198 323 2243 405
352 2193 497 2231 Meum
527 2192 733 2238 suavium,
763 2191 868 2245 quid
899 2190 1061 2246 agitur?
1090 2191 1247 2245 ecquid
1274 2204 1353 2230 nos
1383 2204 1495 2230 amas

350 2258 416 2296 De
445 2256 617 2295 fidicina
647 2254 776 2294 istnc?

790 2320 1047 2358 Pmmnuo.

847 2384 987 2436 Quam
1017 2386 1211 2423 venuste!
1243 2382 1363 2437 quod
1392 2382 1510 2423 dedit

354 2446 629 2499 Principium,
661 2447 917 2487 adveniens!

825 2513 1005 2552 Tuus.

959 2574 1188 2615 Plurimum
1218 2576 1370 2614 merito
1401 2583 1487 2612 tuo.
