<?xml version="1.0" encoding="UTF-8"?>
<!DOCTYPE html PUBLIC "-//W3C//DTD XHTML 1.0 Transitional//EN"
    "http://www.w3.org/TR/xhtml1/DTD/xhtml1-transitional.dtd">
<html xmlns="http://www.w3.org/1999/xhtml" xml:lang="en" lang="en">
 <head>
  <title>
</title>
<meta http-equiv="Content-Type" content="text/html;charset=utf-8" />
  <meta name='ocr-system' content='tesseract 3.04.00' />
  <meta name='ocr-capabilities' content='ocr_page ocr_carea ocr_par ocr_line ocrx_word'/>
</head>
<body>
  <div class='ocr_page' id='page_1' title='image "./comoediae01tereuoft_0155.png"; bbox 0 0 1676 2976; ppageno 0'>
   <div class='ocr_carea' id='block_1_1' title="bbox 207 0 1419 157">
    <p class='ocr_par' dir='ltr' id='par_1_1' title="bbox 207 0 1419 157">
     <span class='ocr_line' id='line_1_1' title="bbox 207 0 1183 42; baseline 0.018 -31"><span class='ocrx_word' id='word_1_1' title='bbox 207 0 247 30; x_wconf 41' lang='grc' dir='ltr'><strong>ἢ</strong></span> <span class='ocrx_word' id='word_1_2' title='bbox 310 0 351 13; x_wconf 67' lang='lat'>--</span> <span class='ocrx_word' id='word_1_3' title='bbox 899 18 908 26; x_wconf 75' lang='lat'><em>.</em></span> <span class='ocrx_word' id='word_1_4' title='bbox 945 0 997 42; x_wconf 53' lang='grc' dir='ltr'><strong><em>γ</em></strong></span> <span class='ocrx_word' id='word_1_5' title='bbox 1172 9 1183 29; x_wconf 64' lang='lat'>11</span> 
     </span>
     <span class='ocr_line' id='line_1_2' title="bbox 568 61 1419 157; baseline 0.013 -22"><span class='ocrx_word' id='word_1_6' title='bbox 568 92 945 140; x_wconf 77' lang='lat' dir='ltr'><strong>EVNVCHVS‘.</strong></span> <span class='ocrx_word' id='word_1_7' title='bbox 976 61 997 82; x_wconf 36' lang='lat' dir='ltr'>v</span> <span class='ocrx_word' id='word_1_8' title='bbox 1346 110 1419 157; x_wconf 78' lang='lat'>139</span> 
     </span>
    </p>
   </div>
   <div class='ocr_carea' id='block_1_2' title="bbox 88 186 1416 1066">
    <p class='ocr_par' dir='ltr' id='par_1_2' title="bbox 88 186 1416 1066">
     <span class='ocr_line' id='line_1_3' title="bbox 195 186 1416 254; baseline 0.008 -24"><span class='ocrx_word' id='word_1_9' title='bbox 195 193 412 232; x_wconf 84' lang='lat' dir='ltr'>Nutricem</span> <span class='ocrx_word' id='word_1_10' title='bbox 442 199 684 234; x_wconf 83' lang='lat' dir='ltr'>arcessitum</span> <span class='ocrx_word' id='word_1_11' title='bbox 712 199 775 245; x_wconf 89' lang='lat' dir='ltr'>iit,</span> <span class='ocrx_word' id='word_1_12' title='bbox 803 212 913 251; x_wconf 84' lang='lat' dir='ltr'>quae</span> <span class='ocrx_word' id='word_1_13' title='bbox 932 199 1046 239; x_wconf 82' lang='lat' dir='ltr'>illam</span> <span class='ocrx_word' id='word_1_14' title='bbox 1065 186 1416 254; x_wconf 61' lang='lat' dir='ltr'>aluit⁹parvolam.</span> 
     </span>
     <span class='ocr_line' id='line_1_4' title="bbox 196 255 1233 314; baseline 0.01 -20"><span class='ocrx_word' id='word_1_15' title='bbox 196 255 244 295; x_wconf 88' lang='lat' dir='ltr'>In</span> <span class='ocrx_word' id='word_1_16' title='bbox 273 259 579 311; x_wconf 84' lang='lat' dir='ltr'>cognoscendo</span> <span class='ocrx_word' id='word_1_17' title='bbox 609 271 697 300; x_wconf 88' lang='lat' dir='ltr'>tute</span> <span class='ocrx_word' id='word_1_18' title='bbox 725 264 818 314; x_wconf 85' lang='lat' dir='ltr'>ipse</span> <span class='ocrx_word' id='word_1_19' title='bbox 846 263 999 313; x_wconf 82' lang='lat' dir='ltr'>aderis,</span> <span class='ocrx_word' id='word_1_20' title='bbox 1030 263 1233 305; x_wconf 82' lang='lat' dir='ltr'><strong>Chaerea.</strong></span> 
     </span>
     <span class='ocr_line' id='line_1_5' title="bbox 629 327 880 365; baseline 0.004 -1"><span class='ocrx_word' id='word_1_21' title='bbox 629 327 880 365; x_wconf 65' lang='lat' dir='ltr'>CHAEREA.</span> 
     </span>
     <span class='ocr_line' id='line_1_6' title="bbox 196 382 617 437; baseline 0.017 -16"><span class='ocrx_word' id='word_1_22' title='bbox 196 382 288 437; x_wconf 86' lang='lat' dir='ltr'>Ego</span> <span class='ocrx_word' id='word_1_23' title='bbox 318 399 472 426; x_wconf 87' lang='lat' dir='ltr'>maneo</span> <span class='ocrx_word' id='word_1_24' title='bbox 501 402 617 428; x_wconf 78' lang='lat' dir='ltr'>vero.</span> 
     </span>
     <span class='ocr_line' id='line_1_7' title="bbox 668 454 842 493; baseline 0.006 -2"><span class='ocrx_word' id='word_1_25' title='bbox 668 454 842 493; x_wconf 63' lang='lat' dir='ltr'>Tuus.</span> 
     </span>
     <span class='ocr_line' id='line_1_8' title="bbox 687 518 1311 569; baseline 0.006 -14"><span class='ocrx_word' id='word_1_26' title='bbox 687 518 820 556; x_wconf 83' lang='lat' dir='ltr'>Visne</span> <span class='ocrx_word' id='word_1_27' title='bbox 846 520 1025 566; x_wconf 86' lang='lat' dir='ltr'>interea,</span> <span class='ocrx_word' id='word_1_28' title='bbox 1054 518 1154 558; x_wconf 87' lang='lat' dir='ltr'>dum</span> <span class='ocrx_word' id='word_1_29' title='bbox 1181 522 1311 569; x_wconf 82' lang='lat' dir='ltr'>venit,</span> 
     </span>
     <span class='ocr_line' id='line_1_9' title="bbox 195 576 1388 635; baseline 0.008 -21"><span class='ocrx_word' id='word_1_30' title='bbox 195 576 325 614; x_wconf 87' lang='lat' dir='ltr'>Domi</span> <span class='ocrx_word' id='word_1_31' title='bbox 356 581 631 629; x_wconf 81' lang='lat' dir='ltr'>opperiamur</span> <span class='ocrx_word' id='word_1_32' title='bbox 655 583 798 632; x_wconf 88' lang='lat' dir='ltr'>potius</span> <span class='ocrx_word' id='word_1_33' title='bbox 828 595 954 635; x_wconf 88' lang='lat' dir='ltr'>quam</span> <span class='ocrx_word' id='word_1_34' title='bbox 982 581 1051 621; x_wconf 85' lang='lat' dir='ltr'>hic</span> <span class='ocrx_word' id='word_1_35' title='bbox 1079 593 1178 623; x_wconf 90' lang='lat' dir='ltr'>ante</span> <span class='ocrx_word' id='word_1_36' title='bbox 1207 585 1388 624; x_wconf 80' lang='lat' dir='ltr'>ostium?</span> 
     </span>
     <span class='ocr_line' id='line_1_10' title="bbox 626 646 878 685; baseline 0.008 -2"><span class='ocrx_word' id='word_1_37' title='bbox 626 646 878 685; x_wconf 61' lang='lat' dir='ltr'>emh-nm.</span> 
     </span>
     <span class='ocr_line' id='line_1_11' title="bbox 88 702 534 758; baseline 0.018 -20"><span class='ocrx_word' id='word_1_38' title='bbox 88 705 167 751; x_wconf 66' lang='lat'>840</span> <span class='ocrx_word' id='word_1_39' title='bbox 194 702 282 742; x_wconf 90' lang='lat' dir='ltr'>Imo</span> <span class='ocrx_word' id='word_1_40' title='bbox 312 709 534 758; x_wconf 82' lang='lat' dir='ltr'>percupio.</span> 
     </span>
     <span class='ocr_line' id='line_1_12' title="bbox 638 772 868 812; baseline 0.009 -2"><span class='ocrx_word' id='word_1_41' title='bbox 638 772 868 812; x_wconf 74' lang='grc' dir='ltr'>ΡγτηιΛε.</span> 
     </span>
     <span class='ocr_line' id='line_1_13' title="bbox 573 836 1414 889; baseline 0.01 -16"><span class='ocrx_word' id='word_1_42' title='bbox 573 836 712 889; x_wconf 84' lang='lat' dir='ltr'>Quam</span> <span class='ocrx_word' id='word_1_43' title='bbox 742 847 786 875; x_wconf 88' lang='lat' dir='ltr'>tu</span> <span class='ocrx_word' id='word_1_44' title='bbox 813 851 903 876; x_wconf 88' lang='lat' dir='ltr'>rem</span> <span class='ocrx_word' id='word_1_45' title='bbox 932 847 1089 887; x_wconf 82' lang='lat' dir='ltr'>actura,</span> <span class='ocrx_word' id='word_1_46' title='bbox 1118 838 1313 889; x_wconf 89' lang='lat' dir='ltr'>obsecro,</span> <span class='ocrx_word' id='word_1_47' title='bbox 1343 841 1414 881; x_wconf 87' lang='lat' dir='ltr'>es?</span> 
     </span>
     <span class='ocr_line' id='line_1_14' title="bbox 668 901 840 940; baseline 0.017 -3"><span class='ocrx_word' id='word_1_48' title='bbox 668 901 840 940; x_wconf 67' lang='lat' dir='ltr'>TuAls.</span> 
     </span>
     <span class='ocr_line' id='line_1_15' title="bbox 192 957 546 1012; baseline 0.014 -17"><span class='ocrx_word' id='word_1_49' title='bbox 192 957 298 996; x_wconf 85' lang='lat' dir='ltr'>Nam</span> <span class='ocrx_word' id='word_1_50' title='bbox 328 960 433 1012; x_wconf 79' lang='lat' dir='ltr'>quid</span> <span class='ocrx_word' id='word_1_51' title='bbox 459 962 546 1000; x_wconf 87' lang='lat' dir='ltr'>ita?</span> 
     </span>
     <span class='ocr_line' id='line_1_16' title="bbox 634 1027 862 1066; baseline 0.009 -2"><span class='ocrx_word' id='word_1_52' title='bbox 634 1027 862 1066; x_wconf 60' lang='lat' dir='ltr'>Prrnms.</span> 
     </span>
    </p>
   </div>
   <div class='ocr_carea' id='block_1_3' title="bbox 188 1084 1410 1204">
    <p class='ocr_par' dir='ltr' id='par_1_3' title="bbox 188 1084 1410 1204">
     <span class='ocr_line' id='line_1_17' title="bbox 573 1084 1410 1148; baseline 0.006 -20"><span class='ocrx_word' id='word_1_53' title='bbox 573 1089 780 1142; x_wconf 79' lang='lat' dir='ltr'>Rogitas?</span> <span class='ocrx_word' id='word_1_54' title='bbox 808 1088 920 1129; x_wconf 89' lang='lat' dir='ltr'>hunc</span> <span class='ocrx_word' id='word_1_55' title='bbox 948 1101 991 1130; x_wconf 88' lang='lat' dir='ltr'>tu</span> <span class='ocrx_word' id='word_1_56' title='bbox 1019 1084 1070 1133; x_wconf 45' lang='lat' dir='ltr'>i&amp;</span> <span class='ocrx_word' id='word_1_57' title='bbox 1092 1093 1220 1132; x_wconf 84' lang='lat' dir='ltr'>aedes</span> <span class='ocrx_word' id='word_1_58' title='bbox 1251 1097 1410 1148; x_wconf 83' lang='lat' dir='ltr'>cogitas</span> 
     </span>
     <span class='ocr_line' id='line_1_18' title="bbox 188 1147 628 1204; baseline 0.014 -18"><span class='ocrx_word' id='word_1_59' title='bbox 188 1147 398 1202; x_wconf 77' lang='lat' dir='ltr'>Reprere</span> <span class='ocrx_word' id='word_1_60' title='bbox 422 1152 628 1204; x_wconf 82' lang='lat' dir='ltr'>posthac?</span> 
     </span>
    </p>
   </div>
   <div class='ocr_carea' id='block_1_4' title="bbox 83 1217 1412 1961">
    <p class='ocr_par' dir='ltr' id='par_1_4' title="bbox 83 1217 1412 1961">
     <span class='ocr_line' id='line_1_19' title="bbox 633 1217 835 1262; baseline 0.02 -9"><span class='ocrx_word' id='word_1_61' title='bbox 633 1260 635 1262; x_wconf 22' lang='lat'>¹</span> <span class='ocrx_word' id='word_1_62' title='bbox 667 1217 835 1257; x_wconf 64' lang='lat' dir='ltr'>Tuus.</span> 
     </span>
     <span class='ocr_line' id='line_1_20' title="bbox 629 1282 858 1321; baseline 0 0"><span class='ocrx_word' id='word_1_63' title='bbox 629 1283 716 1321; x_wconf 92' lang='lat' dir='ltr'>Cur</span> <span class='ocrx_word' id='word_1_64' title='bbox 741 1282 858 1321; x_wconf 87' lang='lat' dir='ltr'>non?</span> 
     </span>
     <span class='ocr_line' id='line_1_21' title="bbox 632 1347 867 1386; baseline 0.009 -2"><span class='ocrx_word' id='word_1_65' title='bbox 632 1347 867 1386; x_wconf 65' lang='lat' dir='ltr'>Pin-uuis.</span> 
     </span>
     <span class='ocr_line' id='line_1_22' title="bbox 888 1408 1412 1466; baseline 0.013 -16"><span class='ocrx_word' id='word_1_66' title='bbox 888 1408 1028 1452; x_wconf 82' lang='lat' dir='ltr'>Crede</span> <span class='ocrx_word' id='word_1_67' title='bbox 1054 1411 1138 1452; x_wconf 93' lang='lat' dir='ltr'>hoc</span> <span class='ocrx_word' id='word_1_68' title='bbox 1163 1429 1285 1456; x_wconf 88' lang='lat' dir='ltr'>meae</span> <span class='ocrx_word' id='word_1_69' title='bbox 1311 1416 1412 1466; x_wconf 82' lang='lat' dir='ltr'>fide,</span> 
     </span>
     <span class='ocr_line' id='line_1_23' title="bbox 186 1466 1024 1528; baseline 0.013 -23"><span class='ocrx_word' id='word_1_70' title='bbox 186 1466 317 1506; x_wconf 86' lang='lat' dir='ltr'>Dabit</span> <span class='ocrx_word' id='word_1_71' title='bbox 342 1483 530 1525; x_wconf 82' lang='lat' dir='ltr'>pugnam</span> <span class='ocrx_word' id='word_1_72' title='bbox 557 1471 626 1512; x_wconf 91' lang='lat' dir='ltr'>hic</span> <span class='ocrx_word' id='word_1_73' title='bbox 653 1473 838 1528; x_wconf 81' lang='lat' dir='ltr'>aliquam</span> <span class='ocrx_word' id='word_1_74' title='bbox 867 1475 1024 1516; x_wconf 91' lang='lat' dir='ltr'>denuo.</span> 
     </span>
     <span class='ocr_line' id='line_1_24' title="bbox 664 1538 836 1579; baseline 0.023 -4"><span class='ocrx_word' id='word_1_75' title='bbox 664 1538 836 1579; x_wconf 65' lang='lat' dir='ltr'>Tuus.</span> 
     </span>
     <span class='ocr_line' id='line_1_25' title="bbox 983 1604 1408 1653; baseline 0.009 -9"><span class='ocrx_word' id='word_1_76' title='bbox 983 1604 1064 1653; x_wconf 87' lang='lat' dir='ltr'>Ah,</span> <span class='ocrx_word' id='word_1_77' title='bbox 1092 1616 1186 1644; x_wconf 83' lang='lat' dir='ltr'>tace</span> <span class='ocrx_word' id='word_1_78' title='bbox 1215 1606 1408 1648; x_wconf 86' lang='lat' dir='ltr'>obsecro.</span> 
     </span>
     <span class='ocr_line' id='line_1_26' title="bbox 608 1667 861 1706; baseline 0.004 -1"><span class='ocrx_word' id='word_1_79' title='bbox 608 1667 861 1706; x_wconf 69' lang='lat' dir='ltr'>&#39;PYTzuAs.</span> 
     </span>
     <span class='ocr_line' id='line_1_27' title="bbox 187 1721 1182 1779; baseline 0.012 -19"><span class='ocrx_word' id='word_1_80' title='bbox 187 1721 338 1762; x_wconf 87' lang='lat' dir='ltr'>Parum</span> <span class='ocrx_word' id='word_1_81' title='bbox 363 1729 628 1779; x_wconf 86' lang='lat' dir='ltr'>perspexisse</span> <span class='ocrx_word' id='word_1_82' title='bbox 657 1732 746 1769; x_wconf 85' lang='lat' dir='ltr'>eius</span> <span class='ocrx_word' id='word_1_83' title='bbox 775 1732 922 1770; x_wconf 84' lang='lat' dir='ltr'>videre</span> <span class='ocrx_word' id='word_1_84' title='bbox 950 1732 1182 1772; x_wconf 84' lang='lat' dir='ltr'>audaciam.</span> 
     </span>
     <span class='ocr_line' id='line_1_28' title="bbox 625 1794 872 1833; baseline 0.004 -1"><span class='ocrx_word' id='word_1_85' title='bbox 625 1794 872 1833; x_wconf 50' lang='lat' dir='ltr'>Cumaei.</span> 
     </span>
     <span class='ocr_line' id='line_1_29' title="bbox 83 1849 686 1910; baseline 0.013 -23"><span class='ocrx_word' id='word_1_86' title='bbox 83 1851 161 1898; x_wconf 71' lang='lat'>845</span> <span class='ocrx_word' id='word_1_87' title='bbox 187 1849 286 1890; x_wconf 89' lang='lat' dir='ltr'>Non</span> <span class='ocrx_word' id='word_1_88' title='bbox 313 1851 479 1903; x_wconf 86' lang='lat' dir='ltr'>faciam,</span> <span class='ocrx_word' id='word_1_89' title='bbox 505 1855 686 1910; x_wconf 85' lang='lat' dir='ltr'>Pythias.</span> 
     </span>
     <span class='ocr_line' id='line_1_30' title="bbox 628 1922 860 1961; baseline 0.004 -1"><span class='ocrx_word' id='word_1_90' title='bbox 628 1922 860 1961; x_wconf 73' lang='lat' dir='ltr'>PY&#39;rmAs.</span> 
     </span>
    </p>
   </div>
   <div class='ocr_carea' id='block_1_5' title="bbox 189 1985 1330 2089">
    <p class='ocr_par' dir='ltr' id='par_1_5' title="bbox 189 1985 1330 2089">
     <span class='ocr_line' id='line_1_31' title="bbox 718 1985 1330 2043; baseline 0.013 -19"><span class='ocrx_word' id='word_1_91' title='bbox 718 1987 821 2025; x_wconf 91' lang='lat' dir='ltr'>Non</span> <span class='ocrx_word' id='word_1_92' title='bbox 846 1985 922 2038; x_wconf 92' lang='lat' dir='ltr'>pol</span> <span class='ocrx_word' id='word_1_93' title='bbox 952 1988 1098 2037; x_wconf 83' lang='lat' dir='ltr'>credo,</span> <span class='ocrx_word' id='word_1_94' title='bbox 1127 1988 1330 2043; x_wconf 81' lang='lat' dir='ltr'>Chaerea,</span> 
     </span>
     <span class='ocr_line' id='line_1_32' title="bbox 189 2040 879 2089; baseline 0.014 -11"><span class='ocrx_word' id='word_1_95' title='bbox 189 2040 279 2080; x_wconf 85' lang='lat' dir='ltr'>Nisi</span> <span class='ocrx_word' id='word_1_96' title='bbox 306 2046 340 2081; x_wconf 90' lang='lat' dir='ltr'>si</span> <span class='ocrx_word' id='word_1_97' title='bbox 370 2048 639 2086; x_wconf 86' lang='lat' dir='ltr'>commissum</span> <span class='ocrx_word' id='word_1_98' title='bbox 666 2062 757 2087; x_wconf 89' lang='lat' dir='ltr'>non</span> <span class='ocrx_word' id='word_1_99' title='bbox 787 2052 879 2089; x_wconf 91' lang='lat' dir='ltr'>erit.</span> 
     </span>
    </p>
   </div>
   <div class='ocr_carea' id='block_1_6' title="bbox 617 2107 876 2153">
    <p class='ocr_par' dir='ltr' id='par_1_6' title="bbox 617 2107 876 2153">
     <span class='ocr_line' id='line_1_33' title="bbox 617 2107 876 2153; baseline 0.008 -2"><span class='ocrx_word' id='word_1_100' title='bbox 617 2107 876 2153; x_wconf 56' lang='lat' dir='ltr'>CHAEREA}</span> 
     </span>
    </p>
   </div>
   <div class='ocr_carea' id='block_1_7' title="bbox 926 2179 1265 2236">
    <p class='ocr_par' dir='ltr' id='par_1_7' title="bbox 926 2179 1265 2236">
     <span class='ocr_line' id='line_1_34' title="bbox 926 2179 1265 2236; baseline 0.015 -19"><span class='ocrx_word' id='word_1_101' title='bbox 926 2180 1056 2233; x_wconf 87' lang='lat' dir='ltr'>Quin,</span> <span class='ocrx_word' id='word_1_102' title='bbox 1083 2179 1265 2236; x_wconf 77' lang='lat' dir='ltr'>Pythias,</span> 
     </span>
    </p>
   </div>
   <div class='ocr_carea' id='block_1_8' title="bbox 188 2232 869 2344">
    <p class='ocr_par' dir='ltr' id='par_1_8' title="bbox 188 2232 869 2344">
     <span class='ocr_line' id='line_1_35' title="bbox 188 2232 558 2276; baseline 0.016 -7"><span class='ocrx_word' id='word_1_103' title='bbox 188 2232 254 2270; x_wconf 91' lang='lat' dir='ltr'>Tu</span> <span class='ocrx_word' id='word_1_104' title='bbox 281 2248 350 2272; x_wconf 86' lang='lat' dir='ltr'>me</span> <span class='ocrx_word' id='word_1_105' title='bbox 379 2247 558 2276; x_wconf 88' lang='lat' dir='ltr'>servato.</span> 
     </span>
     <span class='ocr_line' id='line_1_36' title="bbox 628 2303 869 2344; baseline 0.012 -4"><span class='ocrx_word' id='word_1_106' title='bbox 628 2303 659 2340; x_wconf 95' lang='lat' dir='ltr'><strong>P</strong></span> <span class='ocrx_word' id='word_1_107' title='bbox 671 2316 698 2341; x_wconf 74' lang='lat' dir='ltr'>Y</span> <span class='ocrx_word' id='word_1_108' title='bbox 708 2316 733 2340; x_wconf 78' lang='grc' dir='ltr'>τ</span> <span class='ocrx_word' id='word_1_109' title='bbox 743 2316 794 2344; x_wconf 75' lang='lat' dir='ltr'>nx</span> <span class='ocrx_word' id='word_1_110' title='bbox 804 2318 869 2344; x_wconf 73' lang='lat' dir='ltr'>As.</span> 
     </span>
    </p>
   </div>
   <div class='ocr_carea' id='block_1_9' title="bbox 586 2367 1223 2420">
    <p class='ocr_par' dir='ltr' id='par_1_9' title="bbox 586 2367 1223 2420">
     <span class='ocr_line' id='line_1_37' title="bbox 586 2367 1223 2420; baseline 0.016 -17"><span class='ocrx_word' id='word_1_111' title='bbox 586 2367 736 2419; x_wconf 86' lang='lat' dir='ltr'><strong>Neque</strong></span> <span class='ocrx_word' id='word_1_112' title='bbox 762 2369 839 2420; x_wconf 89' lang='lat' dir='ltr'>pol</span> <span class='ocrx_word' id='word_1_113' title='bbox 866 2372 1118 2411; x_wconf 82' lang='lat' dir='ltr'>servandum</span> <span class='ocrx_word' id='word_1_114' title='bbox 1147 2374 1223 2413; x_wconf 87' lang='lat' dir='ltr'>tibi</span> 
     </span>
    </p>
   </div>
   <div class='ocr_carea' id='block_1_10' title="bbox 185 2425 1401 2611">
    <p class='ocr_par' dir='ltr' id='par_1_10' title="bbox 185 2425 1401 2611">
     <span class='ocr_line' id='line_1_38' title="bbox 190 2425 1401 2495; baseline 0.018 -35"><span class='ocrx_word' id='word_1_115' title='bbox 190 2425 435 2478; x_wconf 81' lang='lat' dir='ltr'>Quidquam</span> <span class='ocrx_word' id='word_1_116' title='bbox 455 2428 556 2468; x_wconf 87' lang='lat' dir='ltr'>dare</span> <span class='ocrx_word' id='word_1_117' title='bbox 576 2433 724 2479; x_wconf 82' lang='lat' dir='ltr'>ausim,</span> <span class='ocrx_word' id='word_1_118' title='bbox 742 2446 883 2486; x_wconf 82' lang='lat' dir='ltr'>neque</span> <span class='ocrx_word' id='word_1_119' title='bbox 904 2445 944 2474; x_wconf 89' lang='lat' dir='ltr'>te</span> <span class='ocrx_word' id='word_1_120' title='bbox 963 2450 1141 2477; x_wconf 87' lang='lat' dir='ltr'>servare.</span> <span class='ocrx_word' id='word_1_121' title='bbox 1169 2440 1319 2495; x_wconf 86' lang='lat' dir='ltr'>Apage</span> <span class='ocrx_word' id='word_1_122' title='bbox 1339 2446 1401 2482; x_wconf 87' lang='lat' dir='ltr'>te!</span> 
     </span>
     <span class='ocr_line' id='line_1_39' title="bbox 660 2496 829 2537; baseline 0.03 -5"><span class='ocrx_word' id='word_1_123' title='bbox 660 2496 829 2537; x_wconf 69' lang='lat' dir='ltr'>Tuus.</span> 
     </span>
     <span class='ocr_line' id='line_1_40' title="bbox 185 2551 811 2611; baseline 0.016 -20"><span class='ocrx_word' id='word_1_124' title='bbox 185 2551 318 2593; x_wconf 86' lang='lat' dir='ltr'>Adest</span> <span class='ocrx_word' id='word_1_125' title='bbox 346 2565 520 2607; x_wconf 87' lang='lat' dir='ltr'>optume</span> <span class='ocrx_word' id='word_1_126' title='bbox 548 2559 641 2611; x_wconf 88' lang='lat' dir='ltr'>ipse</span> <span class='ocrx_word' id='word_1_127' title='bbox 669 2560 811 2601; x_wconf 86' lang='lat' dir='ltr'>frater.</span> 
     </span>
    </p>
   </div>
  </div>
 </body>
</html>
