1676 2976
1307 112 1330 134 ἢ
1364 94 1367 96 .

606 172 876 215 ANDRIA'.
895 199 898 202 >
1362 186 1410 225 ¹7,

76 289 153 329 215
178 282 299 323 Itane
328 281 540 321 obstinate
569 280 643 321 dat
670 271 862 334 operam,
888 288 937 317 ut
961 291 1031 317 me
1058 291 1084 316 a
1102 276 1307 331 Glycerio
1326 279 1408 317 mi·-

806 356 947 383 serum
974 339 1209 382 abstrahat?

182 409 314 463 Quod
342 411 377 448 si
404 408 464 458 fit,
490 421 625 461 pereo
655 407 860 447 funditus.

181 473 350 513 Adeon’
381 470 601 512 hominem
641 485 733 511 esse
769 473 1038 510 invenustum
1075 480 1146 509 aut
1171 468 1404 518 infelicem,

807 545 853 573 ut
882 548 964 588 ego
992 547 1107 583 sum,
1135 533 1406 588 quenquam?

185 599 295 639 Proh
326 600 454 639 deum
484 609 610 653 atque
639 597 860 637 hominum
887 597 1034 637 fidem!

184 663 359 703 Nullon’
392 677 474 719 ego
499 662 739 703 Chi-emetis
767 672 894 719 pacto
925 661 1186 701 adfinitatem
1214 659 1405 716 effugere

807 736 979 778 potero,

77 804 158 831 220
188 792 307 845 Quot
331 791 471 831 modis
502 800 763 839 contemtus,
790 790 981 842 spretus3’
1013 790 1163 837 Facta,
1197 796 1407 828 transacta

809 854 973 891 omnia!
1003 875 1051 882 --
1080 853 1206 899 Hem,

182 919 449 972 Repudiatus
484 920 680 969 repetor!
726 915 1030 969 quamobrem?
1066 917 1147 954 nisi
1182 917 1217 954 si
1253 915 1300 955 id
1328 926 1404 966 est,

809 979 928 1032 quod
955 982 1168 1031 suspicor:

180 1045 355 1099 Aliquid
381 1045 564 1084 monstri
591 1043 728 1091 alunt;
758 1056 808 1083 ea
828 1045 1032 1096 quoniam
1049 1044 1212 1083 nemini
1232 1041 1405 1083 obtrudi

805 1115 963 1159 potest,

178 1174 268 1213 Itur
295 1172 352 1213 ad
378 1185 463 1211 me.
1223 1150 1257 1211 ὲ»,

648 1235 829 1274 ΜΥειε.
1219 1232 1235 1256 ⁹

395 1300 546 1340 Oratio
566 1298 673 1338 haec
691 1312 761 1337 me
780 1300 978 1337 miseram
998 1299 1249 1339 exanimavit
1268 1301 1402 1338 metu!

583 1363 902 1402 PAnmunvs.

179 1430 289 1468 Nam
320 1426 425 1480 quid
454 1439 535 1480 ego
562 1439 679 1466 nunc
707 1427 762 1466 de
790 1425 937 1478 patre?
963 1423 1074 1474 Vah,

75 1498 151 1537 225
180 1493 420 1531 Tantamne
455 1504 548 1530 rem
584 1500 669 1529 tam
703 1490 976 1545 negligenter
1017 1491 1167 1543 agere!
1214 1491 1407 1530 Praeter-

806 1557 899 1592 iens
926 1553 1059 1592 modo
1219 1590 1223 1593 Δ

179 1617 288 1658 Mihi
307 1619 423 1672 apud
441 1619 603 1659 forum:
623 1620 743 1658 onr
760 1617 837 1657 tibi
858 1616 1089 1688 ducendg
1105 1618 1109 1623 ’
1154 1615 1404 1670 Pamphile,

178 1745 261 1787 Abi
290 1746 489 1786 domum!
516 1769 570 1778 -
594 1745 647 1785 Id.
672 1745 777 1784 mihi
802 1680 1114 1790 gffiessiffl2

1289 1683 1303 1708 ι

1141 1682 1212 1784 ἀεὶ
1230 1731 1326 1784 *cito
1355 1759 1405 1785 ac

805 1809 1021 1862 suspende
1049 1819 1104 1850 te.

182 1873 393 1927 Obstipui.
450 1874 632 1915 Censen'
645 1902 660 1924 ,
705 1873 841 1918 ‚u'llum
884 1871 1062 1913 verbum
1100 1884 1173 1912 me
1213 1876 1405 1926 potuisse

806 1936 1026 1990 proloqui,

182 2002 267 2041 Aut
292 2001 422 2041 ullam
457 2014 651 2051 causam,
688 2002 879 2054 ineptam
912 1999 1083 2046 saltem,
1119 1998 1292 2058 falsam,
1325 2003 1406 2041 ini-

808 2061 963 2117 quam?
999 2056 1205 2101 obmutui.

80 2134 158 2174 250
186 2128 352 2181 Quodsi
382 2141 466 2183 ego
492 2130 715 2168 rescissem
741 2127 789 2166 id
814 2128 954 2178 prius,
993 2125 1098 2178 quid
1124 2125 1335 2176 facerem,
1370 2129 1406 2167 si

811 2192 903 2244 quis
931 2202 1046 2228 nunc
1067 2202 1137 2228 me
1155 2192 1406 2244 interroget,

186 2255 361 2309 Aliquid
387 2250 593 2305 faceremj
615 2265 663 2294 ut
688 2254 773 2294 hoc
798 2268 856 2293 ne
883 2253 1083 2293 facerem.
1111 2277 1161 2284 —
1201 2253 1275 2292 Set
1291 2267 1407 2294 nunc
1425 2290 1434 2294 -

810 2317 916 2371 quid
940 2319 1125 2369 primum
1152 2319 1383 2371 exsequar?

186 2383 272 2420 Tot
307 2396 377 2422 me
414 2382 655 2435 impediunt
692 2394 843 2431 curae,
889 2395 997 2434 quae
1041 2395 1185 2421 meum
1219 2385 1406 2422 animum

814 2445 983 2485 divorse
1011 2444 1201 2487 trahunt:

183 2510 319 2548 Amor
345 2509 482 2559 huius,
508 2509 1089 2569 niisericordi8‚„nuptinrum
1115 2507 1380 2587 qoffieitatio,

183 2573 295 2612 Tum
320 2577 451 2626 patris
478 2573 636 2627 pudor,
664 2576 738 2628 qui
763 2577 833 2615 me
862 2584 947 2613 tam
972 2573 1063 2614 leni
1084 2588 1118 2629 p
1152 2615 1217 2629 ,
1244 2614 1246 2616 .
1272 2594 1274 2606 2
1299 2595 1304 2604 ·
1345 2594 1365 2609 ι·
