1676 2976
596 54 600 60 ’
660 79 938 126 ANDRIA.'
1406 50 1458 141 3‘9

228 192 381 245 Neque
408 191 622 245 postulem
651 190 722 230 abs
753 202 810 238 te,
838 194 884 230 ni
910 194 1003 244 ipsa
1029 204 1096 230 res
1124 201 1312 230 moneat.

666 257 923 295 Canens.
1281 262 1286 271 “

1213 319 1336 372 Quid
1365 320 1454 359 est?

717 383 859 422 Simo.

226 446 321 485 Irae
353 457 450 486 sunt
478 449 591 486 inter
620 446 868 509 Giycerium
899 455 942 485 et
969 455 1226 501 gnatum....

663 511 918 550 CHREMES.

1293 574 1450 614 Audio.

721 639 862 676 Simo.

226 702 289 741 Ita
317 715 513 755 magnae,
541 711 587 738 ut
614 714 797 753 sperem,
827 699 951 740 avelli
978 713 1120 752 posse.

664 766 918 811 Cnnnmgs

1167 826 1370 866 Fabulae!

702 890 850 930 Simo.

224 956 421 995 Profecto
450 957 511 994 sic
541 964 615 993 est.

658 1017 912 1056 CHREMES.

684 1081 754 1118 Sic
784 1079 944 1128 hercle,
972 1090 1020 1118 ut
1049 1080 1187 1119 dicam
1218 1079 1317 1119 tibi:

116 1152 193 1191 525
220 1147 461 1184 Amantium
489 1146 578 1183 irae
607 1147 761 1183 amoris
791 1147 1020 1198 integratio
1053 1155 1127 1184 est.

707 1210 852 1247 Simo.

221 1274 345 1322 Hem,
374 1273 420 1312 id
448 1283 489 1311 te
519 1286 598 1312 oro
627 1283 674 1312 ut
693 1283 790 1313 ante
812 1286 970 1320 eamus,
1000 1272 1098 1310 dum
1120 1282 1287 1324 tempus
1310 1272 1446 1321 datur,

215 1338 413 1390 Dumque
443 1340 531 1376 eius
561 1336 712 1375 lubido
744 1336 915 1375 occlusa
948 1346 1010 1374 est
1040 1337 1327 1375 contumelils!

217 1402 462 1454 Priusquam
499 1400 648 1439 harum
683 1401 844 1441 scelera
892 1409 934 1438 et
972 1399 1187 1439 lacrumae
1234 1400 1441 1439 confictae

848 1463 958 1502 dolis

216 1529 445 1570 Reducunt
474 1532 660 1568 animum
689 1537 912 1581 aegrotum
941 1528 996 1567 ad
1022 1527 1374 1577 misericordiam,

111 1599 188 1639 530
215 1595 402 1632 onrem
432 1594 597 1632 demus!
629 1605 771 1644 spero,
802 1593 1115 1631 consuetudine
1147 1602 1189 1630 et

216 1659 431 1710 Coniugio
460 1656 625 1695 liberali
657 1657 916 1703 devinctum,
948 1655 1146 1704 Chreme,

213 1722 327 1759 Dein
353 1721 479 1760 facile
509 1735 559 1759 ex
586 1721 666 1759 illis
696 1734 787 1759 sese
819 1733 1078 1758 emersurum
1105 1719 1238 1757 malis.

644 1787 906 1825 Cunnmns

215 1846 313 1885 Tibi
342 1850 400 1886 ita
427 1848 620 1894 videtur;
652 1859 694 1887 at
723 1861 804 1902 ego
833 1861 924 1885 non
951 1860 1079 1898 posse
1109 1845 1291 1885 arbitror

214 1912 366 1964 Neque
396 1926 492 1951 eum
519 1911 628 1951 hanc
655 1921 866 1964 perpetuo
887 1909 1060 1958 habere,
1088 1924 1230 1963 neque
1249 1923 1317 1948 me
1336 1923 1436 1962 per-

842 1977 946 2026 peti.

707 2039 848 2076 Smo.

111 2106 186 2145 535
216 2102 300 2154 Qui
329 2102 406 2140 scis
437 2114 539 2157 ergo
569 2104 690 2149 istuc,
721 2103 800 2139 nisi
829 2100 1037 2152 periclum
1064 2099 1244 2139 feceris?

650 2168 901 2205 CHREMES.

214 2228 268 2265 At
295 2229 405 2265 istuc
432 2228 582 2279 pericli
611 2231 655 2267 in
684 2229 768 2268 filia
798 2229 902 2277 fieri,
931 2239 1057 2281 grave
1087 2236 1160 2266 est.
1406 2245 1493 2361 ἢ

703 2294 844 2331 Simo.
1296 2330 1298 2333 ,
1331 2298 1380 2325 ²5²·

211 2355 379 2405 Nempe
408 2356 734 2394 incommoditas
765 2356 950 2406 denique
978 2352 1060 2392 huc
1089 2357 1225 2395 omnis
1252 2330 1397 2426 Νὴ

214 2418 255 2454 Si
288 2420 468 2467 eveniat,
498 2421 616 2472 quod
646 2421 688 2458 di
716 2418 987 2472 prohibeant,
1017 2418 1239 2465 discessio;
1335 2410 1378 2437 ²⁵
1434 2426 1437 2428 ’

212 2484 267 2521 At
295 2484 328 2520 si
359 2486 597 2538 corrigitur,
626 2494 732 2536 quot
761 2482 1100 2532 commoditates,
1128 2483 1246 2522 vide:

112 2552 186 2598 540
214 2548 429 2599 Principio
460 2550 597 2588 amico
625 2547 756 2588 filium
784 2549 1036 2593 restitueris3
