1676 2976
0 0 455 43 mew
476 0 526 11 ‘'²⁷“
560 2 563 3 ⁷
595 4 601 9 ι
628 0 631 2 ·
710 0 803 12 ’·““”
859 0 974 26 “iu
1015 0 1019 4 “
1073 0 1081 15 ²

184 39 200 53 η’»
304 29 313 34 (V
420 53 422 55 ,
1085 42 1094 49 Π

198 59 211 68 .

568 109 940 160 ΕνΝνοῊνε.
1130 115 1138 120 “
1344 125 1416 169 ¹37

671 220 842 259 Tuus.

199 287 309 329 Num
337 300 474 324 meam
503 287 718 325 saevitiam
744 282 930 326 verim&

630 351 884 389 CHAEREA.

891 412 1003 450 Non.

674 476 849 515 Tuus.

979 526 1108 576 Non?
1135 535 1238 590 quid
1265 523 1421 589 i’gitur?

636 606 884 644 CHAEREA.

205 668 325 707 Hanc
353 670 498 717 metui,
525 680 581 707 ne
608 682 677 707 me
707 670 998 706 criminaretur
1025 664 1114 703 tibi.

680 732 847 770 Tuus.

100 800 178 840 800
206 795 323 847 Quid
350 795 539 835 seceras?

633 861 892 899 CHAEREA.

503 921 675 960 Paulum
705 921 920 974 quiddam.

648 986 884 1023 Pus-rums.

839 1046 931 1085 Eho
959 1046 1146 1100 paulum,
1174 1044 1427 1096 impudens?

210 1114 275 1151 An
303 1112 473 1165 paulum
502 1112 584 1150 hoc
613 1125 702 1151 esse
732 1111 807 1149 tibi
834 1099 1254 1165 videturssssirginem

208 1178 370 1215 ¹Vitiare
399 1175 561 1215 civ'em?

637 1240 895 1278 CHAEREA.

607 1303 867 1342 Conservam
897 1317 987 1342 esse
1017 1301 1193 1341 credidi.

655 1368 886 1406 PYTmAs.

214 1430 500 1468 Conservam?
526 1432 593 1469 vix
621 1433 822 1470 contineo
850 1445 934 1480 me,
963 1433 1067 1483 quin
1093 1428 1280 1468 involem
1308 1431 1353 1466 in

215 1493 425 1545 Capillum
452 1505 658 1533 monstro.
712 1495 849 1533 Etiam
876 1495 988 1534 ultro
1019 1495 1204 1539 derisum
1233 1494 1426 1533 advenit!

684 1558 853 1597 Tffius.

110 1626 187 1666 805
215 1620 336 1659 Abin'
369 1620 481 1671 hinc,
510 1623 684 1662 insana?

660 1689 891 1726 PYTmAs.

722 1751 839 1804 Quid
867 1753 925 1789 ita
951 1751 1080 1789 vero?
1109 1748 1303 1798 debeam,

221 1813 379 1860 Credo,
409 1816 475 1852 isti
504 1815 736 1867 quidquam
763 1814 982 1861 furcifero,
1010 1814 1056 1852 id
1083 1816 1117 1852 si
1145 1812 1335 1862 fecerim,

219 1878 469 1915 Praesertim
499 1892 593 1916 cum
621 1893 665 1917 se
693 1892 858 1917 servom
889 1878 1070 1916 fateatur
1097 1881 1235 1915 tuum!

694 1941 863 1979 Tuus.

223 2005 351 2041 Missa
380 2004 485 2043 haec
514 2004 727 2044 faciamus.
781 2007 880 2044 Non
909 2015 950 2043 te
980 2005 1169 2058 dignum,
1200 2004 1404 2054 Chaerea,

223 2067 392 2105 fecisti:
422 2082 519 2106 nam
547 2072 581 2107 si
611 2083 692 2122 ego
722 2069 851 2122 digna
878 2067 956 2107 hac
985 2068 1241 2107 contumelia

119 2136 197 2175 810
225 2131 323 2168 sum
352 2146 557 2179 maxume,
586 2143 628 2171 at
656 2143 700 2170 tu
727 2133 941 2185 indignus,
970 2136 1042 2185 qui
1069 2132 1246 2181 faceres,
1282 2144 1436 2173 tamen.

224 2195 374 2247 Neque
405 2197 577 2249 edepol,
606 2196 710 2250 quid
737 2209 851 2234 nunc
880 2196 1029 2234 consili
1059 2198 1236 2248 capiam,
1263 2200 1368 2246 scio,

224 2259 291 2296 De
320 2262 481 2313 virgine
509 2263 626 2308 istac,
654 2263 712 2300 ita
741 2259 999 2299 conturbasti
1026 2259 1128 2298 mihi

226 2322 429 2362 Rationes
460 2338 623 2373 omnes,
650 2335 697 2363 ut
726 2339 818 2364 eam
845 2338 935 2362 non
961 2327 1121 2376 possim
1149 2327 1247 2373 suis,

227 2386 285 2424 Ita
316 2398 359 2424 ut
388 2401 568 2440 aequom
599 2387 735 2426 fuerat
762 2398 888 2441 atque
915 2399 961 2426 ut
989 2389 1143 2437 studui,
1172 2388 1353 2437 tradere,

123 2455 200 2495 815
229 2451 284 2488 Vt
304 2451 487 2490 solidum
506 2451 587 2490 hoc
606 2466 800 2504 parerem
820 2450 922 2490 mihi
942 2452 1207 2502 beneficium,
1236 2452 1439 2492 Chaerea.

656 2518 912 2556 CHAEREA.

227 2582 282 2620 At
308 2594 422 2619 nunc
452 2579 605 2620 dehinc
631 2595 758 2634 spero
788 2591 1003 2620 aeternam
1029 2584 1141 2621 inter
1165 2595 1244 2621 nos
1264 2584 1442 2637 gratiam
