1676 2976
999 83 1016 97 εὖ

647 109 949 151 ADELPHI.
1012 104 1015 106 ’
1390 120 1466 168 259

655 211 943 250 SOSTRATA.

803 277 993 327 Propere
1020 284 1081 322 tu,
1106 287 1203 315 mea
1229 274 1459 326 Canthara,

237 337 394 387 Curre,
425 337 697 377 obstetricem
724 353 913 388 arcesse,
940 349 1010 387 ut,
1040 352 1135 377 cum
1163 352 1270 392 opus
1299 342 1374 390 sit,
1400 354 1459 380 ne

857 406 902 442 in
929 416 1050 442 mora
1075 402 1202 444 nobis
1229 407 1332 444 siet!

628 686 950 738 DEMEA.

230 818 438 870 Disperii!
470 815 775 870 Ctesiphonem
805 818 946 857 audivi
975 818 1107 856 filium
1315 820 1387 860 111.
1415 828 1455 868 5.

125 886 203 925 530
229 883 326 920 Vna
353 880 538 920 adfuisse
565 883 612 919 in
637 884 836 934 raptione
868 896 962 920 cum
990 880 1219 922 Aeschino.

226 943 283 995 ,Id
306 946 464 984 misero
492 955 623 984 restat
649 943 754 983 mihi
780 945 896 994 mali,
924 949 958 985 si
986 946 1106 985 illum
1133 958 1292 999 potest,

229 1009 322 1063 Qui
344 1008 472 1049 alicui
497 1023 546 1049 re
574 1019 651 1058 est,
681 1012 807 1048 etiam
825 1023 968 1049 meum
989 1010 1043 1048 ad
1061 1014 1296 1064 nequitiam
1316 1015 1451 1054 addu-

858 1087 969 1112 cere.

227 1132 314 1176 Vbi
341 1150 422 1192 ego
446 1137 566 1176 illum
595 1136 822 1190 quaeram?
859 1138 994 1177 credo
1030 1137 1261 1178 abductum
1298 1143 1344 1179 in
1380 1155 1454 1196 ga-

851 1215 983 1240 neum

224 1262 405 1317 Aliqum
432 1266 643 1316 persuasit
669 1263 741 1303 ille
769 1266 976 1316 impurus,
1002 1274 1067 1304 sat
1093 1268 1197 1305 scio.

120 1332 199 1373 335
227 1327 300 1366 Set
330 1341 477 1366 eccum
506 1328 656 1382 Syrum
683 1330 746 1367 ire
772 1327 927 1368 video:
962 1326 1065 1370 hinc
1091 1330 1211 1369 scibo
1239 1333 1348 1382 iam,
1377 1333 1453 1372 ubi

850 1393 945 1432 siet.
1054 1404 1057 1405 ’

224 1456 355 1508 Atqui
382 1454 526 1494 hercle
555 1453 623 1494 hic
651 1455 706 1495 de
734 1470 866 1511 grege
892 1456 977 1497 ill&
998 1467 1083 1497 est:
1110 1461 1145 1497 si
1172 1473 1242 1498 me
1272 1463 1453 1500 senserit

222 1519 330 1557 Eum
357 1522 611 1572 quaeritare,
639 1533 857 1573 nunquam
885 1519 1001 1561 dicet
1029 1522 1248 1561 carnufex:

225 1584 327 1622 Non
354 1584 592 1631 ostendam,
621 1583 666 1622 id
692 1598 761 1622 me
787 1580 916 1624 velle-¹
1270 1578 1278 1586 ⁸

483 1864 736 1913 SYRVS.
802 1865 1083 1915 DEMEA.

700 1997 872 2036 Sans.

659 2062 843 2100 Omnem
870 2076 960 2101 rem
987 2062 1122 2101 modo
1150 2065 1257 2112 seni,
1307 2063 1378 2104 111.
1405 2070 1445 2117 4.

227 2125 326 2178 Quo
354 2135 482 2177 pacto
510 2124 701 2174 haberet,
732 2139 973 2167 enarramus
1003 2127 1180 2174 ordine3

122 2194 199 2241 540
226 2190 297 2229 Nil
323 2190 411 2230 vidi
440 2190 673 2243 quidquam
700 2189 939 2231 laetius....

685 2255 879 2294 Dum.

970 2318 1089 2367 Proh„
1109 2318 1285 2372 Iupiter,

226 2382 420 2421 Hominis
449 2380 688 2420 stultitiam!

695 2445 869 2485 Srnvm

785 2509 1070 2549 Conlaudavit
1095 2509 1247 2557 fllium:

224 2573 346 2622 Mihi,
376 2576 448 2627 qui
477 2573 523 2613 id
551 2573 763 2614 dedissem
793 2574 958 2623 consili,
988 2576 1076 2628 egit
1103 2577 1367 2629 gratian...-

960 2637 999 2678 R
1026 2652 1050 2677 2
