1676 2976
508 0 541 16 -ω,
549 0 553 2 ”
856 0 858 2 ·
1318 0 1334 5 ⁷

1027 14 1065 52 U

346 90 1190 134 HEAVTONTIMORVMENOS.
1365 87 1438 141 169

215 195 301 248 Qui
330 208 512 248 aequom
542 208 635 234 esse
665 203 853 242 censent,
880 206 959 232 nos
987 194 1071 231 iam
1099 204 1123 229 a
1148 189 1292 243 pueris
1320 188 1436 227 illico

839 269 956 296 nasci
983 269 1121 304 senes,

216 323 368 374 Neque
399 320 564 360 illarum
586 320 744 360 adfines
765 334 857 360 esse
884 333 1040 368 rerum,
1068 331 1169 372 quas
1188 317 1272 356 fert
1291 316 1438 356 adole-

842 385 1024 424 scentia!

215 447 276 486 Ex
303 462 377 486 sua
403 447 599 487 lubidine
625 448 923 496 moderantur,
958 460 1073 486 nunc
1101 460 1211 500 quae
1239 455 1317 495 est,
1345 457 1438 484 non

844 526 953 565 quae
983 511 1085 551 olim
1113 510 1206 549 fuit.
1362 559 1364 562 v

118 575 189 620 165
218 575 325 616 Mihi
355 579 390 614 si
418 589 604 629 unquam
633 565 740 613 filius
771 577 865 623 erit,
900 589 981 614 nae
1009 575 1082 614 ille
1109 574 1224 614 facili
1250 587 1319 613 me
1346 582 1438 612 ute·

845 648 912 677 tur
936 649 1079 691 patre:

216 704 323 742 Nam
354 713 395 742 et
425 702 714 757 cognoscendi
746 712 788 742 et
813 703 1067 757 ignoscendi
1088 700 1257 740 dabitur
1272 702 1440 754 peccati

841 766 977 815 locus,

218 831 319 868 Non
354 841 401 869 ut
437 843 581 878 meus,
619 832 691 882 qui
721 828 822 868 mihi
847 844 928 882 per
955 830 1083 868 alium
1111 828 1299 868 ostendit
1324 841 1442 867 suam

844 896 1111 932 sententiam.

219 958 344 1004 Perii,
372 959 406 995 is
434 959 492 995 mi
518 956 591 995 ubi
621 956 783 996 adbibit
809 956 904 1008 plus
932 956 1078 1008 paulo,
1106 970 1180 995 sua
1208 969 1317 1009 quae
1345 969 1442 994 nar-

844 1031 910 1059 rat
936 1020 1148 1059 facinora!

219 1086 345 1123 Nunc
380 1086 456 1123 ait:
493 1083 703 1137 periclum
741 1098 791 1123 ex
826 1084 918 1123 aliis
955 1084 1111 1133 facito,
1146 1083 1222 1124 tibi
1261 1085 1365 1138 quid
1394 1099 1443 1123 ex

842 1161 922 1186 usu
948 1149 1042 1195 siet,

121 1225 195 1262 170
221 1213 413 1250 Astutus!
442 1212 535 1250 Nae
562 1206 638 1249 file
655 1209 772 1249 haud
789 1213 881 1259 scit,
910 1224 1036 1263 quam
1055 1211 1158 1250 mihi
1180 1226 1295 1251 nunc
1313 1212 1443 1251 surdo

844 1285 988 1314 narret
1016 1275 1215 1316 fabulam.

218 1339 356 1391 Magis
376 1351 491 1377 nunc
508 1351 578 1376 me
599 1337 711 1377 dicta
732 1340 892 1378 amicae
911 1340 1149 1379 stimulant:
1168 1342 1266 1389 „Da
1288 1338 1390 1379 mihi
1404 1341 1441 1379 !”

849 1413 998 1455 atque:
1029 1405 1194 1451 „Adfer
1220 1403 1380 1443 mihi!’'

222 1467 326 1513 Cui,
363 1464 482 1518 quod
518 1465 828 1516 respondeam,
864 1466 927 1505 nil
962 1465 1156 1517 habebo,
1199 1483 1341 1522 neque
1375 1483 1444 1508 rne

849 1533 1074 1584 quisquam
1104 1543 1166 1572 est
1193 1535 1402 1572 miserior.

219 1595 329 1632 Nam
358 1592 426 1631 hic
457 1592 610 1642 Clinia,
650 1596 725 1632 etsi
754 1596 788 1633 is
818 1608 991 1648 quoque
1019 1611 1187 1635 suarum
1214 1611 1356 1636 rerum
1383 1606 1447 1635 sat

847 1661 991 1711 agitat,
1021 1670 1163 1698 tamen

222 1721 381 1760 Pudice
419 1720 614 1779 eductam
654 1730 696 1758 et
731 1724 828 1760 artis
867 1722 996 1761 habet
1030 1726 1274 1777 ignarurern
1308 1736 1448 1762 mere·

850 1789 1019 1831 triciae;

125 1854 197 1900 175
224 1849 325 1887 Mea
355 1857 416 1886 est
435 1857 606 1899 potens,
632 1862 808 1900 procax,
836 1851 1075 1904 magnifica,
1109 1861 1340 1900 sumtuosa,
1367 1863 1448 1891 no-

851 1912 971 1959 bilis;

227 1977 353 2023 Tum,
383 1974 501 2029 quod
523 1975 635 2023 dem,
658 1998 703 2005 —
734 1986 851 2014 recte
882 1987 946 2016 est
975 1976 1181 2030 <‚,nihil''
1204 1980 1318 2016 enim
1338 1992 1446 2028 esse,

791 2040 943 2094 religio
974 2052 1035 2080 est
1062 2041 1165 2080 mihi
1194 2042 1368 2094 dicere).
1397 2067 1447 2074 —

227 2104 322 2141 Hoc
363 2116 443 2156 ego
483 2102 579 2141 mali
616 2116 707 2142 non
742 2104 910 2155 pridem
939 2107 1106 2155 inveni,
1140 2120 1283 2160 neque
1321 2109 1448 2147 etiam

857 2169 957 2209 dum
985 2171 1062 2209 scit
1090 2180 1225 2222 pater.

548 2343 1022 2361 Μ
