1676 2976
1029 12 1050 35 t

245 102 318 130 ιιι
712 86 755 125 Ρ.
791 82 1113 124 TERENTI·

345 188 480 243 quue
516 187 627 227 adeo
662 186 815 233 visam,
851 187 886 224 si
924 184 1043 226 domi
1083 192 1157 222 est.
1212 183 1286 223 Set
1320 185 1514 238 quisnam
1543 196 1568 223 a

972 246 1141 287 Thaide
1170 247 1279 286 exit?

225 304 395 403 m?
414 326 489 364 est,
518 327 664 353 annon
701 312 789 352 est?
824 314 938 365 ipsus
978 313 1062 349 est!
1100 311 1220 374 quid
1239 310 1321 350 hoc
1358 309 1570 350 hominis?

312 363 403 419 Q
972 374 1088 428 Quid
1117 362 1220 413 hoc
1227 378 1364 414 ornati
1394 375 1483 415 est?

350 442 467 498 Quid
495 441 600 479 illud
636 439 735 479 mali
774 439 863 479 est?
901 451 1075 492 nequeo
1113 440 1211 477 satis
1249 440 1390 478 mirari
1426 452 1568 493 neque

975 515 1206 550 connecte,

348 572 454 619 Nisi,
484 567 696 623 quidquid
725 577 808 616 est,
836 566 988 620 procul
1018 564 1116 605 hinc
1143 565 1263 606 lubet
1290 569 1431 620 prius,
1467 565 1571 620 quid

974 633 1041 679 sit,
1069 633 1284 670 sciscitari.
1358 623 1362 626 ’

505 885 878 934 CHAEREA.
945 885 1315 933 ANTIPHO.

781 1019 1041 1057 Cuxtnzm

351 1085 464 1124 Num
492 1084 583 1137 quis
604 1079 700 1120 hie?
717 1104 768 1112 -
796 1084 950 1121 Nemo.
971 1103 1022 1111 -—
1050 1083 1161 1120 Num
1181 1095 1249 1119 me
1269 1082 1361 1134 quis
1384 1077 1508 1118 binc?
1527 1101 1578 1110 -

839 1148 977 1184 Nvmo
1008 1144 1138 1184 homo
1168 1154 1242 1184 est.
1272 1167 1322 1175 —-
1441 1142 1511 1181 111.
1542 1149 1578 1187 5.

354 1211 440 1251 Iam
470 1225 669 1264 rumpere
699 1209 838 1250 hocne
866 1208 967 1247 mihi
999 1209 1123 1247 licet?
1152 1233 1196 1239 —-
1232 1208 1340 1247 Proh
1371 1208 1545 1261 Iupiter,

247 1284 327 1323 500
353 1279 477 1318 Nunc
506 1285 569 1315 est
595 1274 810 1328 profecto,
838 1273 1017 1312 interfici
1049 1287 1141 1311 cum
1170 1275 1337 1325 perpeti
1374 1286 1442 1310 me
1481 1286 1580 1323 pos-

982 1351 1088 1384 sum,

354 1406 421 1444 Ne
459 1402 543 1443 hoc
580 1402 781 1457 gaudium
811 1403 1071 1441 contaminet
1102 1403 1181 1439 vita
1212 1399 1478 1454 aegritudine
1508 1399 1582 1437 ali·

982 1480 1062 1518 qua
1080 1469 1087 1503 Ϊ

355 1532 428 1570 Set
455 1533 730 1571 neminemne
760 1532 973 1569 curiosum
1003 1530 1262 1567 intervenire
1292 1541 1407 1572 nunc
1436 1526 1536 1565 mihi

358 1595 443 1649 Qui
472 1609 540 1634 me
571 1604 773 1648 sequntur
800 1607 976 1648 quoquo
1007 1606 1123 1640 eam,
1163 1592 1390 1644 rogitando
1430 1591 1583 1630 obtun-

985 1657 1071 1702 dat,
1102 1658 1256 1702 enicet,

360 1723 478 1778 Quid
508 1724 687 1777 gestiam
717 1731 788 1761 aut
818 1721 923 1775 quid
961 1721 1094 1760 laetus
1131 1722 1232 1767 situ,
1271 1732 1357 1773 qno
1394 1733 1585 1773 pergam,

985 1785 1101 1824 unde
1124 1797 1353 1839 emergnm,
1381 1782 1452 1821 ubi
1482 1786 1585 1822 siem

251 1858 331 1898 505
359 1853 570 1892 Vestitum
597 1847 709 1889 hunc
737 1859 907 1898 nactus,
946 1849 1051 1903 quid
1078 1848 1181 1887 mihi
1210 1862 1433 1901 quam-nm,
1462 1861 1586 1887 sanus

990 1915 1067 1952 sim
1097 1926 1207 1952 anne
1236 1910 1471 1951 insaniam?

793 1979 1048 2018 Amano.

362 2042 505 2083 Adibo
542 2052 669 2096 atque
708 2041 760 2080 ab
798 2056 851 2082 eo
889 2045 1068 2098 gratiam
1110 2039 1242 2087 hanc,
1287 2053 1414 2093 quam
1460 2037 1587 2076 video

991 2106 1116 2155 velle,
1146 2104 1278 2145 inibo.

363 2169 569 2220 chaerea,
598 2170 703 2224 quid
732 2181 809 2221 est,
844 2171 965 2225 quod
992 2170 1147 2226 gestis?
1183 2169 1286 2222 quid
1316 2167 1392 2207 sibi
1424 2165 1493 2206 hic
1520 2180 1592 2206 ve-

988 2237 1107 2275 stitus
1136 2233 1329 2288 quaerit?

366 2299 483 2353 Quid
510 2299 644 2339 laetus
675 2299 745 2339 es?
779 2300 885 2354 quid
914 2302 972 2339 vis
1003 2298 1105 2338 tibi?
1142 2299 1262 2338 satin*
1302 2296 1453 2336 sanus?
1486 2294 1591 2349 quid

989 2378 1058 2404 me
1087 2361 1335 2416 adspectas?

367 2426 502 2467 Taces
533 2428 664 2482 quid?

802 2494 1051 2534 Cluuium.

705 2555 743 2595 O
772 2556 901 2597 festus
931 2556 1022 2598 dies
1051 2556 1250 2604 hominis,
1279 2554 1428 2598 amice,
1458 2549 1589 2590 saiw-3

1520 2622 1598 2659 §lu
