<?xml version="1.0" encoding="UTF-8"?>
<!DOCTYPE html PUBLIC "-//W3C//DTD XHTML 1.0 Transitional//EN"
    "http://www.w3.org/TR/xhtml1/DTD/xhtml1-transitional.dtd">
<html xmlns="http://www.w3.org/1999/xhtml" xml:lang="en" lang="en">
 <head>
  <title>
</title>
<meta http-equiv="Content-Type" content="text/html;charset=utf-8" />
  <meta name='ocr-system' content='tesseract 3.04.00' />
  <meta name='ocr-capabilities' content='ocr_page ocr_carea ocr_par ocr_line ocrx_word'/>
</head>
<body>
  <div class='ocr_page' id='page_1' title='image "./comoediae01tereuoft_0202.png"; bbox 0 0 1676 2976; ppageno 0'>
   <div class='ocr_carea' id='block_1_1' title="bbox 1083 0 1676 54">
    <p class='ocr_par' dir='ltr' id='par_1_1' title="bbox 1083 0 1676 54">
     <span class='ocr_line' id='line_1_1' title="bbox 1083 0 1676 54; baseline 0 2922"><span class='ocrx_word' id='word_1_1' title='bbox 1083 0 1676 54; x_wconf 95' lang='lat' dir='ltr'><strong> </strong></span> 
     </span>
    </p>
   </div>
   <div class='ocr_carea' id='block_1_2' title="bbox 257 92 1107 179">
    <p class='ocr_par' dir='ltr' id='par_1_2' title="bbox 257 92 1107 179">
     <span class='ocr_line' id='line_1_2' title="bbox 257 92 1107 179; baseline -0.005 -7"><span class='ocrx_word' id='word_1_2' title='bbox 257 130 332 179; x_wconf 82' lang='lat'><strong>186</strong></span> <span class='ocrx_word' id='word_1_3' title='bbox 663 97 667 103; x_wconf 15' lang='lat' dir='ltr'><em>A</em></span> <span class='ocrx_word' id='word_1_4' title='bbox 727 130 772 170; x_wconf 80' lang='lat' dir='ltr'><strong>P.</strong></span> <span class='ocrx_word' id='word_1_5' title='bbox 806 92 1107 169; x_wconf 58' lang='lat' dir='ltr'><strong>{naam-1</strong></span> 
     </span>
    </p>
   </div>
   <div class='ocr_carea' id='block_1_3' title="bbox 248 227 1580 1037">
    <p class='ocr_par' dir='ltr' id='par_1_3' title="bbox 248 227 1580 1037">
     <span class='ocr_line' id='line_1_3' title="bbox 250 227 1240 285; baseline -0.004 -12"><span class='ocrx_word' id='word_1_6' title='bbox 250 236 329 285; x_wconf 81' lang='grc'><strong>435</strong></span> <span class='ocrx_word' id='word_1_7' title='bbox 356 233 472 272; x_wconf 84' lang='lat' dir='ltr'><strong>Dare</strong></span> <span class='ocrx_word' id='word_1_8' title='bbox 502 231 748 284; x_wconf 73' lang='lat' dir='ltr'><strong>denegaris:</strong></span> <span class='ocrx_word' id='word_1_9' title='bbox 779 229 833 268; x_wconf 84' lang='lat' dir='ltr'><strong>ad</strong></span> <span class='ocrx_word' id='word_1_10' title='bbox 861 228 968 268; x_wconf 90' lang='lat' dir='ltr'><strong>illud</strong></span> <span class='ocrx_word' id='word_1_11' title='bbox 995 228 1078 270; x_wconf 86' lang='lat' dir='ltr'>ibit</span> <span class='ocrx_word' id='word_1_12' title='bbox 1106 227 1240 277; x_wconf 89' lang='lat' dir='ltr'><strong>illico,</strong></span> 
     </span>
     <span class='ocr_line' id='line_1_4' title="bbox 356 274 1339 349; baseline -0.002 -15"><span class='ocrx_word' id='word_1_13' title='bbox 356 296 456 349; x_wconf 88' lang='lat' dir='ltr'><strong>Quo</strong></span> <span class='ocrx_word' id='word_1_14' title='bbox 486 307 678 334; x_wconf 78' lang='lat' dir='ltr'>maxume</span> <span class='ocrx_word' id='word_1_15' title='bbox 706 292 820 345; x_wconf 81' lang='lat' dir='ltr'><strong>apud</strong></span> <span class='ocrx_word' id='word_1_16' title='bbox 850 302 891 331; x_wconf 82' lang='lat' dir='ltr'><strong>te</strong></span> <span class='ocrx_word' id='word_1_17' title='bbox 919 305 965 332; x_wconf 76' lang='lat' dir='ltr'><strong>se</strong></span> <span class='ocrx_word' id='word_1_18' title='bbox 993 274 1137 333; x_wconf 57' lang='lat' dir='ltr'><strong>viuere</strong></span> <span class='ocrx_word' id='word_1_19' title='bbox 1165 295 1339 332; x_wconf 82' lang='lat' dir='ltr'><strong>sentiet:</strong></span> 
     </span>
     <span class='ocr_line' id='line_1_5' title="bbox 354 356 1318 400; baseline -0.004 0"><span class='ocrx_word' id='word_1_20' title='bbox 354 360 577 400; x_wconf 81' lang='lat' dir='ltr'>Abiturum</span> <span class='ocrx_word' id='word_1_21' title='bbox 606 372 652 397; x_wconf 82' lang='lat' dir='ltr'><strong>se</strong></span> <span class='ocrx_word' id='word_1_22' title='bbox 682 356 753 395; x_wconf 87' lang='lat' dir='ltr'><strong>abs</strong></span> <span class='ocrx_word' id='word_1_23' title='bbox 784 366 825 395; x_wconf 89' lang='lat' dir='ltr'><strong>te</strong></span> <span class='ocrx_word' id='word_1_24' title='bbox 853 356 1015 395; x_wconf 81' lang='lat' dir='ltr'><strong>scilicet</strong></span> <span class='ocrx_word' id='word_1_25' title='bbox 1044 356 1318 396; x_wconf 83' lang='lat' dir='ltr'><strong>minitabitur.</strong></span> 
     </span>
     <span class='ocr_line' id='line_1_6' title="bbox 741 421 1084 460; baseline 0.003 -1"><span class='ocrx_word' id='word_1_26' title='bbox 741 421 1084 460; x_wconf 67' lang='grc' dir='ltr'><strong><em>Μεκεῡεκνε.</em></strong></span> 
     </span>
     <span class='ocr_line' id='line_1_7' title="bbox 355 485 1396 538; baseline -0.001 -12"><span class='ocrx_word' id='word_1_27' title='bbox 355 486 517 526; x_wconf 90' lang='lat' dir='ltr'><strong>Videre</strong></span> <span class='ocrx_word' id='word_1_28' title='bbox 546 498 690 524; x_wconf 85' lang='lat' dir='ltr'><strong>verum</strong></span> <span class='ocrx_word' id='word_1_29' title='bbox 720 494 847 538; x_wconf 89' lang='lat' dir='ltr'><strong>atque</strong></span> <span class='ocrx_word' id='word_1_30' title='bbox 876 487 933 523; x_wconf 88' lang='lat' dir='ltr'><strong>ita</strong></span> <span class='ocrx_word' id='word_1_31' title='bbox 960 487 1021 523; x_wconf 88' lang='lat' dir='ltr'><strong>uti</strong></span> <span class='ocrx_word' id='word_1_32' title='bbox 1050 499 1117 524; x_wconf 83' lang='lat' dir='ltr'><strong>res</strong></span> <span class='ocrx_word' id='word_1_33' title='bbox 1148 495 1209 524; x_wconf 78' lang='lat' dir='ltr'><strong>est</strong></span> <span class='ocrx_word' id='word_1_34' title='bbox 1238 485 1396 526; x_wconf 81' lang='lat' dir='ltr'><strong>dicere.</strong></span> 
     </span>
     <span class='ocr_line' id='line_1_8' title="bbox 790 550 1047 589; baseline -0.008 0"><span class='ocrx_word' id='word_1_35' title='bbox 790 550 1047 589; x_wconf 44' lang='lat' dir='ltr'><strong>Canauna</strong></span> 
     </span>
     <span class='ocr_line' id='line_1_9' title="bbox 351 610 1580 666; baseline -0.001 -14"><span class='ocrx_word' id='word_1_36' title='bbox 351 614 556 652; x_wconf 85' lang='lat' dir='ltr'>Somnum</span> <span class='ocrx_word' id='word_1_37' title='bbox 593 610 736 651; x_wconf 89' lang='lat' dir='ltr'><strong>hercle</strong></span> <span class='ocrx_word' id='word_1_38' title='bbox 776 626 858 666; x_wconf 82' lang='lat' dir='ltr'><strong>ego</strong></span> <span class='ocrx_word' id='word_1_39' title='bbox 897 610 976 651; x_wconf 78' lang='lat' dir='ltr'><strong>hac</strong></span> <span class='ocrx_word' id='word_1_40' title='bbox 1008 622 1140 653; x_wconf 84' lang='lat' dir='ltr'><strong>nocte</strong></span> <span class='ocrx_word' id='word_1_41' title='bbox 1184 613 1318 652; x_wconf 85' lang='lat' dir='ltr'><strong>oculis</strong></span> <span class='ocrx_word' id='word_1_42' title='bbox 1361 626 1452 654; x_wconf 88' lang='lat' dir='ltr'><strong>non</strong></span> <span class='ocrx_word' id='word_1_43' title='bbox 1494 614 1580 652; x_wconf 73' lang='lat' dir='ltr'><strong>vidi</strong></span> 
     </span>
     <span class='ocr_line' id='line_1_10' title="bbox 991 678 1112 725; baseline 0 -10"><span class='ocrx_word' id='word_1_44' title='bbox 991 678 1112 725; x_wconf 85' lang='lat' dir='ltr'><strong>meis,</strong></span> 
     </span>
     <span class='ocr_line' id='line_1_11' title="bbox 248 738 1493 795; baseline -0.002 -14"><span class='ocrx_word' id='word_1_45' title='bbox 248 745 325 793; x_wconf 70' lang='grc'><strong>440</strong></span> <span class='ocrx_word' id='word_1_46' title='bbox 351 742 464 781; x_wconf 85' lang='lat' dir='ltr'><strong>Dum</strong></span> <span class='ocrx_word' id='word_1_47' title='bbox 493 741 538 781; x_wconf 89' lang='lat' dir='ltr'><strong>id</strong></span> <span class='ocrx_word' id='word_1_48' title='bbox 568 754 745 795; x_wconf 80' lang='lat' dir='ltr'>quaero,</span> <span class='ocrx_word' id='word_1_49' title='bbox 776 739 850 778; x_wconf 86' lang='lat' dir='ltr'><strong>tibi</strong></span> <span class='ocrx_word' id='word_1_50' title='bbox 881 742 953 793; x_wconf 84' lang='lat' dir='ltr'><strong>qui</strong></span> <span class='ocrx_word' id='word_1_51' title='bbox 983 738 1114 779; x_wconf 80' lang='lat' dir='ltr'><strong>filium</strong></span> <span class='ocrx_word' id='word_1_52' title='bbox 1143 743 1412 780; x_wconf 88' lang='lat' dir='ltr'><strong>restituerim.</strong></span> <span class='ocrx_word' id='word_1_53' title='bbox 1440 764 1493 772; x_wconf 89' lang='lat'><strong>—</strong></span> 
     </span>
     <span class='ocr_line' id='line_1_12' title="bbox 746 805 1083 844; baseline 0 -1"><span class='ocrx_word' id='word_1_54' title='bbox 746 805 1083 844; x_wconf 64' lang='grc' dir='ltr'><strong><em>Μεηεοεκνε.</em></strong></span> 
     </span>
     <span class='ocr_line' id='line_1_13' title="bbox 351 867 1578 922; baseline -0.003 -12"><span class='ocrx_word' id='word_1_55' title='bbox 351 870 475 910; x_wconf 87' lang='lat' dir='ltr'>Cedo</span> <span class='ocrx_word' id='word_1_56' title='bbox 522 869 732 910; x_wconf 82' lang='lat' dir='ltr'><strong>dextram!</strong></span> <span class='ocrx_word' id='word_1_57' title='bbox 781 883 914 922; x_wconf 88' lang='lat' dir='ltr'><strong>porro</strong></span> <span class='ocrx_word' id='word_1_58' title='bbox 962 868 1079 908; x_wconf 84' lang='lat' dir='ltr'><strong>idem</strong></span> <span class='ocrx_word' id='word_1_59' title='bbox 1125 878 1167 908; x_wconf 87' lang='lat' dir='ltr'><strong>te</strong></span> <span class='ocrx_word' id='word_1_60' title='bbox 1213 883 1294 908; x_wconf 91' lang='lat' dir='ltr'><strong>oro</strong></span> <span class='ocrx_word' id='word_1_61' title='bbox 1340 879 1386 907; x_wconf 88' lang='lat' dir='ltr'><strong>ut</strong></span> <span class='ocrx_word' id='word_1_62' title='bbox 1431 867 1578 916; x_wconf 77' lang='lat' dir='ltr'><strong>facias,</strong></span> 
     </span>
     <span class='ocr_line' id='line_1_14' title="bbox 976 930 1174 973; baseline 0.005 -1"><span class='ocrx_word' id='word_1_63' title='bbox 976 930 1174 973; x_wconf 80' lang='lat' dir='ltr'><strong>Chreme.</strong></span> 
     </span>
     <span class='ocr_line' id='line_1_15' title="bbox 792 997 1043 1037; baseline -0.008 0"><span class='ocrx_word' id='word_1_64' title='bbox 792 997 1043 1037; x_wconf 61' lang='lat' dir='ltr'><strong>Cuneus.</strong></span> 
     </span>
    </p>
   </div>
   <div class='ocr_carea' id='block_1_4' title="bbox 226 1062 1565 2573">
    <p class='ocr_par' dir='ltr' id='par_1_4' title="bbox 226 1062 1565 2573">
     <span class='ocr_line' id='line_1_16' title="bbox 349 1062 654 1103; baseline -0.003 -1"><span class='ocrx_word' id='word_1_65' title='bbox 349 1062 520 1103; x_wconf 77' lang='lat' dir='ltr'><strong>Paratus</strong></span> <span class='ocrx_word' id='word_1_66' title='bbox 548 1075 654 1102; x_wconf 82' lang='lat' dir='ltr'><strong>sum.</strong></span> 
     </span>
     <span class='ocr_line' id='line_1_17' title="bbox 734 1126 1073 1164; baseline 0 0"><span class='ocrx_word' id='word_1_67' title='bbox 734 1126 1073 1164; x_wconf 67' lang='lat' dir='ltr'><strong>Memznssnvs.</strong></span> 
     </span>
     <span class='ocr_line' id='line_1_18' title="bbox 706 1186 1515 1241; baseline -0.004 -13"><span class='ocrx_word' id='word_1_68' title='bbox 706 1189 836 1236; x_wconf 84' lang='lat' dir='ltr'><strong>Scin&#39;,</strong></span> <span class='ocrx_word' id='word_1_69' title='bbox 865 1187 971 1241; x_wconf 88' lang='lat' dir='ltr'><strong>quid</strong></span> <span class='ocrx_word' id='word_1_70' title='bbox 999 1201 1115 1227; x_wconf 88' lang='lat' dir='ltr'><strong>nunc</strong></span> <span class='ocrx_word' id='word_1_71' title='bbox 1142 1188 1287 1228; x_wconf 83' lang='lat' dir='ltr'><strong>facere</strong></span> <span class='ocrx_word' id='word_1_72' title='bbox 1316 1198 1357 1228; x_wconf 90' lang='lat' dir='ltr'><strong>te</strong></span> <span class='ocrx_word' id='word_1_73' title='bbox 1385 1186 1515 1227; x_wconf 83' lang='lat' dir='ltr'><strong>volo?</strong></span> 
     </span>
     <span class='ocr_line' id='line_1_19' title="bbox 780 1254 1031 1294; baseline 0.004 -4"><span class='ocrx_word' id='word_1_74' title='bbox 780 1254 1031 1294; x_wconf 65' lang='lat' dir='ltr'><strong>Cunnum.</strong></span> 
     </span>
     <span class='ocr_line' id='line_1_20' title="bbox 343 1319 438 1358; baseline -0.011 0"><span class='ocrx_word' id='word_1_75' title='bbox 343 1319 438 1358; x_wconf 87' lang='lat' dir='ltr'><strong>Dic.</strong></span> 
     </span>
     <span class='ocr_line' id='line_1_21' title="bbox 738 1381 1078 1419; baseline -0.003 0"><span class='ocrx_word' id='word_1_76' title='bbox 738 1381 1078 1419; x_wconf 63' lang='lat' dir='ltr'><strong>Menznnnvs.</strong></span> 
     </span>
     <span class='ocr_line' id='line_1_22' title="bbox 464 1443 1446 1499; baseline -0.001 -16"><span class='ocrx_word' id='word_1_77' title='bbox 464 1444 596 1499; x_wconf 87' lang='lat' dir='ltr'><strong>Quod</strong></span> <span class='ocrx_word' id='word_1_78' title='bbox 624 1446 807 1492; x_wconf 80' lang='lat' dir='ltr'><strong>sensisti,</strong></span> <span class='ocrx_word' id='word_1_79' title='bbox 838 1443 933 1483; x_wconf 83' lang='lat' dir='ltr'><strong>illos</strong></span> <span class='ocrx_word' id='word_1_80' title='bbox 963 1458 1031 1482; x_wconf 90' lang='lat' dir='ltr'><strong>me</strong></span> <span class='ocrx_word' id='word_1_81' title='bbox 1061 1445 1253 1495; x_wconf 82' lang='lat' dir='ltr'>incipere</span> <span class='ocrx_word' id='word_1_82' title='bbox 1283 1443 1446 1491; x_wconf 80' lang='lat' dir='ltr'><strong>fallere,</strong></span> 
     </span>
     <span class='ocr_line' id='line_1_23' title="bbox 340 1507 1294 1560; baseline -0.003 -12"><span class='ocrx_word' id='word_1_83' title='bbox 340 1508 391 1548; x_wconf 88' lang='lat' dir='ltr'><strong>Id</strong></span> <span class='ocrx_word' id='word_1_84' title='bbox 419 1519 466 1548; x_wconf 89' lang='lat' dir='ltr'><strong>ut</strong></span> <span class='ocrx_word' id='word_1_85' title='bbox 494 1517 707 1547; x_wconf 81' lang='lat' dir='ltr'><strong>maturent</strong></span> <span class='ocrx_word' id='word_1_86' title='bbox 734 1507 895 1546; x_wconf 84' lang='lat' dir='ltr'><strong>facere:</strong></span> <span class='ocrx_word' id='word_1_87' title='bbox 928 1510 1055 1560; x_wconf 89' lang='lat' dir='ltr'><strong>cupio</strong></span> <span class='ocrx_word' id='word_1_88' title='bbox 1085 1507 1145 1545; x_wconf 84' lang='lat' dir='ltr'><strong>ilii</strong></span> <span class='ocrx_word' id='word_1_89' title='bbox 1177 1507 1294 1555; x_wconf 82' lang='lat' dir='ltr'><strong>dare,</strong></span> 
     </span>
     <span class='ocr_line' id='line_1_24' title="bbox 235 1571 1239 1629; baseline -0.001 -18"><span class='ocrx_word' id='word_1_90' title='bbox 235 1577 313 1626; x_wconf 71' lang='grc'><strong>445</strong></span> <span class='ocrx_word' id='word_1_91' title='bbox 341 1574 474 1629; x_wconf 89' lang='lat' dir='ltr'><strong>Quod</strong></span> <span class='ocrx_word' id='word_1_92' title='bbox 502 1571 612 1619; x_wconf 84' lang='lat' dir='ltr'><strong>volt;</strong></span> <span class='ocrx_word' id='word_1_93' title='bbox 644 1574 771 1624; x_wconf 87' lang='lat' dir='ltr'><strong>cupio</strong></span> <span class='ocrx_word' id='word_1_94' title='bbox 801 1574 937 1623; x_wconf 81' lang='lat' dir='ltr'><strong>ipsum</strong></span> <span class='ocrx_word' id='word_1_95' title='bbox 968 1574 1050 1610; x_wconf 83' lang='lat' dir='ltr'><strong>iam</strong></span> <span class='ocrx_word' id='word_1_96' title='bbox 1079 1571 1239 1610; x_wconf 88' lang='lat' dir='ltr'><strong>videre.</strong></span> 
     </span>
     <span class='ocr_line' id='line_1_25' title="bbox 692 1636 1033 1676; baseline 0.003 -1"><span class='ocrx_word' id='word_1_97' title='bbox 692 1646 694 1649; x_wconf 83' lang='grc'><strong><em>·</em></strong></span> <span class='ocrx_word' id='word_1_98' title='bbox 776 1636 1033 1676; x_wconf 46' lang='lat' dir='ltr'><strong>Cannae&amp;</strong></span> 
     </span>
     <span class='ocr_line' id='line_1_26' title="bbox 1219 1696 1565 1752; baseline -0.006 -14"><span class='ocrx_word' id='word_1_99' title='bbox 1219 1700 1407 1752; x_wconf 80' lang='lat' dir='ltr'><strong>Operam</strong></span> <span class='ocrx_word' id='word_1_100' title='bbox 1438 1696 1565 1738; x_wconf 84' lang='lat' dir='ltr'><strong>dabo.</strong></span> 
     </span>
     <span class='ocr_line' id='line_1_27' title="bbox 337 1762 1479 1817; baseline -0.004 -12"><span class='ocrx_word' id='word_1_101' title='bbox 337 1764 512 1805; x_wconf 88' lang='lat' dir='ltr'><strong>Paulum</strong></span> <span class='ocrx_word' id='word_1_102' title='bbox 541 1762 623 1804; x_wconf 88' lang='lat' dir='ltr'><strong>hoc</strong></span> <span class='ocrx_word' id='word_1_103' title='bbox 651 1765 799 1817; x_wconf 86' lang='lat' dir='ltr'><strong>negoti</strong></span> <span class='ocrx_word' id='word_1_104' title='bbox 829 1764 886 1801; x_wconf 92' lang='lat' dir='ltr'><strong>mi</strong></span> <span class='ocrx_word' id='word_1_105' title='bbox 917 1762 1076 1802; x_wconf 78' lang='lat' dir='ltr'><strong>obstat:</strong></span> <span class='ocrx_word' id='word_1_106' title='bbox 1105 1763 1242 1801; x_wconf 78' lang='lat' dir='ltr'><strong>Simus</strong></span> <span class='ocrx_word' id='word_1_107' title='bbox 1272 1772 1315 1801; x_wconf 89' lang='lat' dir='ltr'><strong>et</strong></span> <span class='ocrx_word' id='word_1_108' title='bbox 1343 1763 1479 1811; x_wconf 85' lang='lat' dir='ltr'><strong>Crito,</strong></span> 
     </span>
     <span class='ocr_line' id='line_1_28' title="bbox 336 1825 1328 1882; baseline -0.005 -12"><span class='ocrx_word' id='word_1_109' title='bbox 336 1832 482 1870; x_wconf 88' lang='lat' dir='ltr'><strong>Vicini</strong></span> <span class='ocrx_word' id='word_1_110' title='bbox 508 1829 646 1868; x_wconf 83' lang='lat' dir='ltr'><strong>nostri</strong></span> <span class='ocrx_word' id='word_1_111' title='bbox 677 1825 788 1876; x_wconf 89' lang='lat' dir='ltr'><strong>hice,</strong></span> <span class='ocrx_word' id='word_1_112' title='bbox 817 1825 1038 1882; x_wconf 82' lang='lat' dir='ltr'><strong>ambigunt</strong></span> <span class='ocrx_word' id='word_1_113' title='bbox 1066 1827 1121 1866; x_wconf 91' lang='lat' dir='ltr'><strong>de</strong></span> <span class='ocrx_word' id='word_1_114' title='bbox 1149 1825 1328 1872; x_wconf 80' lang='lat' dir='ltr'><strong>finibus:</strong></span> 
     </span>
     <span class='ocr_line' id='line_1_29' title="bbox 333 1890 1519 1945; baseline -0.005 -11"><span class='ocrx_word' id='word_1_115' title='bbox 333 1895 408 1934; x_wconf 89' lang='lat' dir='ltr'><strong>Me</strong></span> <span class='ocrx_word' id='word_1_116' title='bbox 439 1906 592 1945; x_wconf 88' lang='lat' dir='ltr'><strong>cepere</strong></span> <span class='ocrx_word' id='word_1_117' title='bbox 622 1890 846 1931; x_wconf 87' lang='lat' dir='ltr'><strong>arbitrum:</strong></span> <span class='ocrx_word' id='word_1_118' title='bbox 876 1890 951 1930; x_wconf 89' lang='lat' dir='ltr'><strong>ibo</strong></span> <span class='ocrx_word' id='word_1_119' title='bbox 980 1905 1030 1930; x_wconf 86' lang='lat' dir='ltr'><strong>ac</strong></span> <span class='ocrx_word' id='word_1_120' title='bbox 1059 1891 1213 1939; x_wconf 86' lang='lat' dir='ltr'><strong>dicam,</strong></span> <span class='ocrx_word' id='word_1_121' title='bbox 1241 1901 1288 1930; x_wconf 91' lang='lat' dir='ltr'><strong>ut</strong></span> <span class='ocrx_word' id='word_1_122' title='bbox 1317 1890 1519 1939; x_wconf 75' lang='lat' dir='ltr'><strong>dixeram,</strong></span> 
     </span>
     <span class='ocr_line' id='line_1_30' title="bbox 337 1953 1524 2010; baseline -0.005 -12"><span class='ocrx_word' id='word_1_123' title='bbox 337 1960 525 2010; x_wconf 81' lang='lat' dir='ltr'><strong>Operam</strong></span> <span class='ocrx_word' id='word_1_124' title='bbox 555 1957 750 1995; x_wconf 86' lang='lat' dir='ltr'><strong>daturum</strong></span> <span class='ocrx_word' id='word_1_125' title='bbox 779 1969 863 2005; x_wconf 88' lang='lat' dir='ltr'><strong>me,</strong></span> <span class='ocrx_word' id='word_1_126' title='bbox 892 1953 1025 1995; x_wconf 80' lang='lat' dir='ltr'><strong>hodie</strong></span> <span class='ocrx_word' id='word_1_127' title='bbox 1053 1969 1145 1995; x_wconf 90' lang='lat' dir='ltr'><strong>non</strong></span> <span class='ocrx_word' id='word_1_128' title='bbox 1171 1968 1300 2009; x_wconf 80' lang='lat' dir='ltr'><strong>posse</strong></span> <span class='ocrx_word' id='word_1_129' title='bbox 1328 1956 1378 1994; x_wconf 88' lang='lat' dir='ltr'><strong>iis</strong></span> <span class='ocrx_word' id='word_1_130' title='bbox 1409 1954 1524 1994; x_wconf 81' lang='lat' dir='ltr'><strong>dare.</strong></span> 
     </span>
     <span class='ocr_line' id='line_1_31' title="bbox 229 2020 828 2076; baseline -0.008 -11"><span class='ocrx_word' id='word_1_131' title='bbox 229 2030 307 2076; x_wconf 75' lang='lat'><strong>450</strong></span> <span class='ocrx_word' id='word_1_132' title='bbox 335 2024 554 2064; x_wconf 84' lang='lat' dir='ltr'><strong>Continuo</strong></span> <span class='ocrx_word' id='word_1_133' title='bbox 583 2020 653 2060; x_wconf 89' lang='lat' dir='ltr'><strong>hic</strong></span> <span class='ocrx_word' id='word_1_134' title='bbox 681 2020 828 2060; x_wconf 85' lang='lat' dir='ltr'><strong>adero.</strong></span> 
     </span>
     <span class='ocr_line' id='line_1_32' title="bbox 720 2086 1065 2126; baseline 0.003 -2"><span class='ocrx_word' id='word_1_135' title='bbox 720 2086 1065 2126; x_wconf 69' lang='lat' dir='ltr'><strong>Mnussnnnvs.</strong></span> 
     </span>
     <span class='ocr_line' id='line_1_33' title="bbox 718 2145 1559 2203; baseline -0.005 -15"><span class='ocrx_word' id='word_1_136' title='bbox 718 2146 780 2188; x_wconf 82' lang='lat' dir='ltr'><strong>Ita</strong></span> <span class='ocrx_word' id='word_1_137' title='bbox 809 2163 985 2203; x_wconf 74' lang='lat' dir='ltr'><strong>quaeso,</strong></span> <span class='ocrx_word' id='word_1_138' title='bbox 1015 2172 1065 2180; x_wconf 94' lang='lat'>—</span> <span class='ocrx_word' id='word_1_139' title='bbox 1092 2149 1166 2195; x_wconf 92' lang='lat' dir='ltr'><strong>Di,</strong></span> <span class='ocrx_word' id='word_1_140' title='bbox 1193 2156 1378 2186; x_wconf 81' lang='lat' dir='ltr'><strong>vostram</strong></span> <span class='ocrx_word' id='word_1_141' title='bbox 1408 2145 1559 2185; x_wconf 82' lang='lat' dir='ltr'><strong>fidem!</strong></span> 
     </span>
     <span class='ocr_line' id='line_1_34' title="bbox 331 2212 1545 2267; baseline -0.006 -12"><span class='ocrx_word' id='word_1_142' title='bbox 331 2215 393 2255; x_wconf 90' lang='lat' dir='ltr'><strong>Ita</strong></span> <span class='ocrx_word' id='word_1_143' title='bbox 424 2223 711 2267; x_wconf 82' lang='lat' dir='ltr'><strong>comparatam</strong></span> <span class='ocrx_word' id='word_1_144' title='bbox 743 2228 834 2253; x_wconf 83' lang='lat' dir='ltr'><strong>esse</strong></span> <span class='ocrx_word' id='word_1_145' title='bbox 863 2212 1083 2253; x_wconf 87' lang='lat' dir='ltr'><strong>hominum</strong></span> <span class='ocrx_word' id='word_1_146' title='bbox 1112 2222 1306 2251; x_wconf 79' lang='lat' dir='ltr'><strong>naturam</strong></span> <span class='ocrx_word' id='word_1_147' title='bbox 1338 2213 1545 2257; x_wconf 88' lang='lat' dir='ltr'><strong>omnium,</strong></span> 
     </span>
     <span class='ocr_line' id='line_1_35' title="bbox 331 2277 1293 2323; baseline -0.007 -3"><span class='ocrx_word' id='word_1_148' title='bbox 331 2281 481 2320; x_wconf 78' lang='lat' dir='ltr'><strong>Aliena</strong></span> <span class='ocrx_word' id='word_1_149' title='bbox 512 2290 557 2318; x_wconf 91' lang='lat' dir='ltr'><strong>ut</strong></span> <span class='ocrx_word' id='word_1_150' title='bbox 585 2277 735 2317; x_wconf 82' lang='lat' dir='ltr'><strong>melius</strong></span> <span class='ocrx_word' id='word_1_151' title='bbox 764 2278 941 2318; x_wconf 85' lang='lat' dir='ltr'><strong>videant</strong></span> <span class='ocrx_word' id='word_1_152' title='bbox 969 2288 1011 2317; x_wconf 89' lang='lat' dir='ltr'><strong>et</strong></span> <span class='ocrx_word' id='word_1_153' title='bbox 1040 2277 1293 2323; x_wconf 75' lang='lat' dir='ltr'><strong>diiudicent,</strong></span> 
     </span>
     <span class='ocr_line' id='line_1_36' title="bbox 334 2338 1562 2397; baseline -0.005 -15"><span class='ocrx_word' id='word_1_154' title='bbox 334 2347 471 2397; x_wconf 86' lang='lat' dir='ltr'><strong>Quam</strong></span> <span class='ocrx_word' id='word_1_155' title='bbox 501 2343 601 2383; x_wconf 83' lang='lat' dir='ltr'><strong>sua?</strong></span> <span class='ocrx_word' id='word_1_156' title='bbox 630 2356 684 2382; x_wconf 87' lang='lat' dir='ltr'><strong>an</strong></span> <span class='ocrx_word' id='word_1_157' title='bbox 715 2356 767 2382; x_wconf 92' lang='lat' dir='ltr'><strong>eo</strong></span> <span class='ocrx_word' id='word_1_158' title='bbox 796 2342 856 2390; x_wconf 81' lang='lat' dir='ltr'><strong>fit,</strong></span> <span class='ocrx_word' id='word_1_159' title='bbox 886 2344 984 2396; x_wconf 85' lang='lat' dir='ltr'><strong>qnia</strong></span> <span class='ocrx_word' id='word_1_160' title='bbox 1014 2355 1061 2380; x_wconf 87' lang='lat' dir='ltr'><strong>re</strong></span> <span class='ocrx_word' id='word_1_161' title='bbox 1081 2343 1126 2380; x_wconf 89' lang='lat' dir='ltr'><strong>in</strong></span> <span class='ocrx_word' id='word_1_162' title='bbox 1146 2350 1290 2380; x_wconf 78' lang='lat' dir='ltr'><strong>nostra</strong></span> <span class='ocrx_word' id='word_1_163' title='bbox 1313 2349 1383 2378; x_wconf 88' lang='lat' dir='ltr'><strong>aut</strong></span> <span class='ocrx_word' id='word_1_164' title='bbox 1403 2338 1562 2393; x_wconf 82' lang='lat' dir='ltr'><strong>gaudio</strong></span> 
     </span>
     <span class='ocr_line' id='line_1_37' title="bbox 331 2403 1387 2460; baseline -0.005 -14"><span class='ocrx_word' id='word_1_165' title='bbox 331 2410 480 2447; x_wconf 78' lang='lat' dir='ltr'><strong>sumus</strong></span> <span class='ocrx_word' id='word_1_166' title='bbox 509 2407 751 2460; x_wconf 78' lang='lat' dir='ltr'><strong>praepediti</strong></span> <span class='ocrx_word' id='word_1_167' title='bbox 781 2409 957 2446; x_wconf 86' lang='lat' dir='ltr'><strong>nimium</strong></span> <span class='ocrx_word' id='word_1_168' title='bbox 989 2415 1061 2445; x_wconf 81' lang='lat' dir='ltr'><strong>aut</strong></span> <span class='ocrx_word' id='word_1_169' title='bbox 1089 2403 1387 2457; x_wconf 72' lang='lat' dir='ltr'><strong>aegritudine?</strong></span> 
     </span>
     <span class='ocr_line' id='line_1_38' title="bbox 226 2470 1558 2526; baseline -0.006 -15"><span class='ocrx_word' id='word_1_170' title='bbox 226 2479 305 2525; x_wconf 68' lang='lat'><strong>455</strong></span> <span class='ocrx_word' id='word_1_171' title='bbox 333 2474 411 2512; x_wconf 85' lang='lat' dir='ltr'><strong>Hic</strong></span> <span class='ocrx_word' id='word_1_172' title='bbox 449 2470 550 2511; x_wconf 89' lang='lat' dir='ltr'><strong>mihi</strong></span> <span class='ocrx_word' id='word_1_173' title='bbox 586 2485 700 2512; x_wconf 87' lang='lat' dir='ltr'><strong>nunc</strong></span> <span class='ocrx_word' id='word_1_174' title='bbox 739 2481 901 2526; x_wconf 88' lang='lat' dir='ltr'><strong>quanto</strong></span> <span class='ocrx_word' id='word_1_175' title='bbox 938 2470 1034 2523; x_wconf 85' lang='lat' dir='ltr'><strong>plus</strong></span> <span class='ocrx_word' id='word_1_176' title='bbox 1072 2471 1182 2522; x_wconf 79' lang='lat' dir='ltr'><strong>sapit</strong></span> <span class='ocrx_word' id='word_1_177' title='bbox 1218 2482 1344 2523; x_wconf 78' lang='lat' dir='ltr'><strong>quam</strong></span> <span class='ocrx_word' id='word_1_178' title='bbox 1390 2476 1558 2521; x_wconf 83' lang='lat' dir='ltr'><strong>egomet</strong></span> 
     </span>
     <span class='ocr_line' id='line_1_39' title="bbox 957 2533 1166 2573; baseline 0.01 -1"><span class='ocrx_word' id='word_1_179' title='bbox 957 2533 1083 2573; x_wconf 84' lang='lat' dir='ltr'><strong>mihi!</strong></span> <span class='ocrx_word' id='word_1_180' title='bbox 1113 2556 1166 2565; x_wconf 95' lang='lat'>—</span> 
     </span>
    </p>
   </div>
  </div>
 </body>
</html>
