1676 2976
579 114 613 152 E
624 114 807 153 VNVC
819 112 956 153 HVS.
1360 120 1433 157 125

208 214 417 263 [diffido
450 215 533 263 dic,
563 213 699 253 abisse
727 215 906 253 Dorum.

655 279 884 316 ΡγτιιιΑε.

591 342 653 380 Ita
682 342 847 380 faciam.
877 341 950 380 Set
976 340 1147 380 videon'
1178 337 1430 384 Chremem?

654 406 869 445 Donras.

201 468 329 509 Thais
358 471 441 508 iam
469 469 618 508 aderit.

642 535 878 572 Pvrmrs.

498 596 616 650 Quid
643 597 728 635 ita?

497 652 500 654 ’
661 662 870 699 Donms.

406 726 532 777 Quia,
560 738 656 762 cum
682 723 787 762 inde
816 722 949 770 abeo,
978 722 1062 759 iam
1089 730 1178 760 tum
1207 721 1428 773 inceperat

94 789 172 839 670
200 788 343 827 Turba
374 790 486 828 inter
516 802 603 827 eos.

642 852 881 890 PY'rnrAs.

561 917 630 954 Tu
658 914 779 953 aufer
807 926 952 950 aurum
981 909 1086 955 hoc;
1117 923 1198 964 ego
1226 909 1345 950 scibo
1376 924 1427 950 ex

824 973 921 1024 hoc,
950 975 1054 1028 quid
1082 977 1174 1013 siet.

349 1294 727 1342 CHREMES.
803 1294 1160 1342 PYTHIAS.

628 1427 885 1465 Cnmzmns.

197 1488 335 1536 Attat,
374 1489 472 1527 data
506 1487 651 1527 hercle
686 1488 816 1527 verba
843 1488 946 1526 mihi
975 1491 1096 1527 sunt!
1133 1492 1234 1529 vicit
1261 1493 1420 1541 vinum,

818 1552 939 1605 quod
966 1551 1074 1590 bibi!
1278 1555 1351 1593 IV.
1380 1561 1418 1600 5.

191 1616 274 1664 Ac,
314 1617 415 1655 dum
444 1615 724 1665 accubabam,
762 1630 888 1669 quam
916 1616 1094 1655 videbar
1119 1619 1177 1654 mi
1206 1631 1297 1656 esse
1324 1618 1420 1670 pul-

816 1679 915 1718 chre
944 1680 1134 1719 sobrius!

194 1745 423 1798 Postquam
460 1747 643 1793 surrexi,
691 1756 834 1796 neque
868 1757 945 1794 pes
983 1757 1126 1796 neque
1151 1758 1282 1783 -mens
1321 1748 1450 1785 satis'

817 1820 939 1845 suum
968 1804 1160 1846 officium
1189 1807 1303 1846 facit.

630 1871 662 1909 P
674 1885 700 1909 Y
711 1884 736 1907 T
746 1884 773 1908 Η
782 1885 798 1908 1
809 1884 875 1909 as.

195 1933 378 1972 Chreme
393 1937 403 1971 Ξ

626 1998 660 2036 C
670 2010 729 2035 nn
738 2011 760 2035 E
774 2011 804 2035 Μ
814 2011 837 2035 13
849 2011 879 2036 s.

345 2061 451 2113 Quis
482 2060 569 2099 est?
598 2058 721 2099 ehem
750 2059 917 2115 Pythias
930 2065 939 2100 !
969 2061 1080 2112 Vah,
1110 2072 1271 2116 quanto
1298 2075 1416 2103 nunc

813 2125 1045 2165 formosior

84 2186 160 2238 675
187 2187 349 2226 Videre
377 2186 479 2225 mihi
509 2201 635 2241 quam
664 2188 845 2226 dudum!

544 2268 547 2269 ⁷
628 2253 660 2290 P
671 2266 695 2290 Y
707 2265 732 2289 T
740 2266 764 2289 n
775 2267 789 2290 1
801 2266 826 2290 A
836 2267 868 2292 s.

525 2317 653 2356 Certe
682 2325 726 2352 tu
754 2316 928 2368 quidem
953 2317 1031 2370 pol
1057 2316 1192 2356 multo
1221 2314 1411 2358 hilarior.

613 2381 877 2420 CHREMES.

185 2441 375 2481 Verbum
413 2440 557 2482 hercle
596 2441 681 2482 hoc
717 2456 862 2482 verum
897 2448 998 2484 erit:
1038 2447 1131 2484 sine
1170 2447 1330 2485 Cerere
1370 2456 1414 2486 et

807 2507 964 2548 Libero
992 2509 1121 2563 friget
1148 2511 1309 2550 Venus.

179 2569 252 2607 Set
279 2569 405 2610 Thais
434 2571 569 2610 mtho
595 2585 666 2610 me
694 2572 935 2611 antevenit?
