1676 2976
1212 20 1231 55 ἓ

1201 69 1224 84 x

546 88 923 129 EVNVCHVS.
1005 145 1010 152 .
1347 105 1399 143 9¹.

163 186 250 224 ’δεῖ
287 188 346 224 eis
383 186 494 225 ultro
533 188 711 228 adrideo
748 199 790 228 et
827 202 975 228 eorum
1011 189 1184 244 ingenia
1210 190 1399 230 admiror

803 252 946 298 simul3

172 314 311 367 Negat
348 314 466 367 quis?
500 329 636 370 nego;
674 316 759 355 ait?
801 320 892 362 aio;
934 326 1153 368 postremo
1190 320 1397 370 imperavi

802 391 973 433 egomet
1000 379 1102 420 mihi

175 440 331 479 Omnia
359 442 584 482 adsentari.
629 443 667 482 Is
688 453 884 496 quaestus
903 457 1017 483 nunc
1037 455 1099 484 est
1115 444 1250 484 multo
1269 445 1396 486 uber-

799 521 955 547 rumus-

610 571 862 609 Pinum.

173 630 330 669 Scitum
360 632 505 672 hercle
530 631 771 673 hominem!
801 633 870 673 hic
898 632 1092 674 homines
1119 649 1317 687 prorsum
1345 651 1395 677 ex

736 707 787 752 f*
798 698 933 737 stultis
961 700 1131 738 insanos
1159 699 1272 739 facit.

515 802 525 810 Η
619 752 849 801 Gnstiio.

70 826 145 864 205
173 822 285 860 Dum
315 822 420 862 haec
446 813 677 878 loffuimm,
704 827 869 863 interea
895 824 982 862 loci
1003 825 1058 863 ad
1075 826 1300 867 macellum
1317 827 1394 867 ubi

798 888 1059 935 advenimus,

173 951 441 989 Concurrunt
469 951 568 990 laeti
596 954 654 989 mi
683 950 850 989 obviam
881 952 1144 1002 cupedinarii
1174 967 1337 1002 omnes,

174 1015 346 1062 Cetarii,
374 1014 491 1063 lanii,
522 1018 663 1067 coqui,
691 1015 888 1063 fartores,
915 1017 1165 1066 piscatores,

173 1077 336 1129 Quibus
375 1089 426 1117 et⁴
452 1093 499 1117 re
534 1078 646 1117 salva
685 1089 728 1118 et
752 1079 920 1131 perdita
948 1079 1193 1130 profueram
1223 1091 1264 1120 et
1291 1085 1394 1133 pro-

438 1190 447 1197 ·
797 1156 889 1181 sum
918 1156 1068 1194 saepe;

173 1205 382 1254 Salutant,
410 1205 466 1244 ad
495 1219 674 1245 coenam
701 1217 879 1255 vocant,
914 1207 1143 1247 adventum
1178 1209 1393 1262 gratulan-

795 1281 875 1310 tur.

67 1344 143 1370 210
170 1331 246 1370 Ille
287 1332 358 1370 ubi
409 1334 538 1372 miser
585 1333 804 1374 famelicus
860 1334 979 1374 videt
1027 1349 1098 1373 me
1143 1345 1262 1375 tanto
1310 1336 1388 1377 ho-

790 1412 900 1438 nore
930 1410 971 1438 et

168 1460 275 1498 Tam
303 1459 430 1500 facile
458 1463 614 1501 victum
642 1476 864 1515 quaerere,
902 1463 961 1502 ibi
990 1462 1121 1503 homo
1151 1467 1295 1516 coepit
1322 1479 1393 1504 me

793 1527 1033 1576 obsecrare,

165 1591 227 1627 Vt
251 1588 330 1627 sibi
356 1588 505 1628 liceret
534 1590 698 1629 discere
727 1590 773 1628 id
802 1591 855 1629 de
883 1606 973 1630 me:
1004 1595 1155 1631 sectari
1183 1595 1299 1639 iussi,

166 1653 209 1690 Si
235 1655 349 1705 potis
380 1663 456 1702 est,
485 1664 685 1707 tanquam
710 1653 1068 1707 philosophorum
1088 1654 1246 1695 habent
1266 1657 1392 1702 disci·-

788 1718 880 1770 puli
911 1733 961 1757 ex
988 1722 1089 1771 ipsis

166 1779 403 1828 Vocabula‚
430 1783 603 1832 parasiti
630 1784 732 1821 item
760 1792 809 1820 ut
838 1782 1100 1821 Gnathonici
1129 1793 1347 1822 vocentur.

601 1846 858 1884 Pinum,

64 1913 140 1952 215
167 1907 282 1948 Vide
309 1909 458 1957 otium,
487 1918 543 1958 et,
572 1909 677 1962 quid
705 1908 821 1947 cibus
850 1909 952 1948 facit
979 1909 1160 1949 alienus!

611 1973 839 2013 GNA'rno.

1055 2037 1127 2075 Set
1156 2051 1238 2092 ego
1268 2053 1388 2077 cesso

162 2097 231 2135 Ad
258 2095 467 2138 Thaidem
502 2097 610 2139 hanc
646 2100 863 2139 deducere
903 2110 945 2139 et
980 2114 1159 2154 rogare,
1198 2103 1253 2141 ad
1291 2117 1391 2141 coe-

789 2178 887 2202 nam
916 2174 963 2202 ut
989 2168 1142 2204 veniat.

269 2225 341 2264 Set
370 2227 679 2266 Parmenonem
708 2238 807 2266 ante
836 2230 990 2267 ostium
1008 2231 1241 2268 meretricis
1259 2230 1392 2269 video

790 2294 965 2341 tristem,

162 2352 319 2392 Rivalis
348 2367 528 2393 servom.
574 2353 695 2394 Salva
714 2358 801 2394 res!
831 2358 1041 2396 Nimirum
1068 2355 1164 2397 hice
1191 2356 1386 2398 homines

791 2419 959 2474 frigent.

158 2479 433 2520 Nebulonem
460 2480 573 2523 hunc
602 2493 762 2522 certum
791 2494 854 2524 est
879 2485 1044 2526 ludere.
