1676 2976
694 50 704 73 ὃ

614 125 881 170 ANDRIA.
1361 125 1414 175 4⁵

116 290 529 340 CHARINVS.
588 291 1050 342 PAMPHILVS.
1107 291 1377 343 DAVVS.

613 416 887 464 Cnmuuvs.

83 492 163 540 595
192 487 388 525 Hoccine
418 486 624 526 credibile
654 497 725 525 aut
751 486 1045 536 memorabile,
1273 487 1346 528 IV.
1378 502 1412 528 1.

187 553 323 590 Tama
345 552 545 590 vecordia
577 554 719 589 innata
750 553 946 603 cuiquam
972 561 1021 589 ut
1047 553 1141 601 siet,

190 616 247 653 Vt
277 614 395 653 malis
427 615 655 669 gaudeant,
684 624 811 666 atque
841 612 892 652 ab
921 615 1207 655 incommodis

188 677 373 716 Alterius
404 693 477 717 sua
504 689 550 718 ut
580 687 828 730 comparent
859 677 1112 717 commoda?
1139 677 1209 717 ah!
1238 702 1291 710 —

178 741 297 794 ‚Idne
325 741 457 779 vero?
483 743 570 779 imo
599 741 644 778 id
674 750 737 779 est
763 755 1007 791 pessumum
1025 739 1245 780 hominum
1265 755 1413 796 genus,

83 804 161 844 600
187 806 254 843 De
283 804 483 857 negando
511 803 644 842 modo
675 802 767 855 quis
794 804 938 855 pudor
963 804 1139 856 paulum
1168 806 1309 853 adest;

190 869 304 915 Post,
332 867 405 905 ubi
435 868 609 918 tempu',
636 868 845 919 promissa
873 869 957 904 iam
984 867 1148 918 perfici,

191 933 317 979 Tum,
348 933 499 978 coacti,
527 931 770 969 necessario
801 943 846 968 se
876 933 1092 981 aperiunt:

168 994 243 1032 'Et
272 997 433 1041 timent,
464 1003 506 1031 et
534 990 675 1032 tamen
702 1006 770 1032 res
799 995 955 1044 premit
983 994 1172 1049 denega-

187 1071 255 1096 re:
284 1056 348 1095 Ibi
377 1067 465 1095 tum
494 1070 642 1096 eorum
669 1057 1051 1109 impudentissuma
1080 1062 1218 1098 oratio
1249 1070 1333 1100 est:

84 1121 161 1166 605
188 1122 256 1160 Tu
283 1122 374 1173 quis
406 1120 478 1159 es?
515 1122 607 1174 quis
635 1119 737 1159 mihi
767 1121 838 1160 es?
874 1135 948 1159 cur
982 1121 1060 1160 tibi
1095 1124 1263 1163 meam?
1295 1123 1413 1176 heus,

816 1183 920 1223 mihi

187 1248 415 1287 Proxumus
444 1261 536 1287 sum
566 1251 761 1303 egomet!
788 1271 841 1279 -—
867 1250 1067 1290 Attamen
1088 1251 1262 1295 ubinam
1281 1252 1415 1293 fides?

188 1310 232 1348 Si
260 1325 401 1365 roges,
428 1311 489 1350 nil
515 1313 694 1364 pudent.

184 1374 280 1425 Hic,
309 1374 383 1413 ubi
412 1389 519 1428 opus
550 1387 626 1425 est,
654 1391 745 1417 non
762 1388 986 1424 verentur:
1015 1378 1092 1427 illi,
1113 1378 1186 1418 ubi
1205 1379 1267 1420 nil
1287 1395 1411 1434 opus,

812 1440 873 1479 ibi
901 1453 1113 1482 verentur.

187 1500 260 1540 Set
294 1503 399 1555 quid
435 1503 585 1557 agam?
629 1503 835 1544 adeamne
874 1506 930 1545 ad
968 1520 1088 1556 eum,
1124 1518 1196 1546 aut
1234 1522 1330 1548 cum
1359 1523 1412 1550 eo

757 1570 957 1608 iniuriam
984 1568 1094 1608 hanc
1123 1573 1416 1624 expostulem?

81 1628 160 1669 610
184 1629 381 1684 Ingeram
408 1629 519 1669 mala
545 1631 708 1671 multa?
735 1657 785 1663 —
821 1635 953 1687 Atqui
990 1634 1140 1687 aliquis
1178 1636 1313 1676 dicat:
1351 1637 1415 1677 nil

812 1701 1094 1749 promoveris.
1124 1722 1176 1729 —

186 1755 369 1795 Multum
395 1757 598 1798 molestus
629 1770 744 1800 certe
773 1763 812 1800 ei
839 1762 963 1800 fuero
994 1772 1122 1814 atque
1151 1764 1293 1802 animo
1320 1777 1414 1803 mo-

810 1839 901 1863 rem
931 1838 1117 1879 gessero.

591 1888 900 1927 PAmmnnvs.

189 1944 387 1997 Charine,
424 1958 466 1988 et
492 1963 561 1989 me
591 1961 634 1989 et
661 1961 703 1990 te
730 1952 995 2003 imprudens,
1028 1954 1112 1990 nisi
1142 1952 1247 2004 quid
1274 1953 1318 1992 di
1345 1967 1413 1993 re—

815 2017 1014 2067 spiciunt,
1040 2015 1227 2067 perdidi.

609 2077 887 2117 CHAnxxvs.

186 2137 306 2176 Itane
334 2139 611 2190 imprudens?
644 2141 839 2180 Tandem
875 2144 1050 2182 inventa
1087 2152 1150 2182 est
1178 2143 1333 2183 causa?
1357 2167 1411 2176 -—

814 2205 984 2245 solvisti
1010 2206 1157 2247 fidem!

599 2268 901 2309 Pimpmtvs.

189 2328 275 2380 Qui
306 2327 509 2367 tandem?

610 2395 883 2437 CnAnmvs.

346 2455 484 2494 Etiam
511 2469 625 2495 nunc
651 2472 720 2496 me
749 2459 870 2499 dictis
901 2461 1058 2501 ducere
1085 2464 1172 2502 istis
1192 2464 1411 2516 postulas?

595 2521 898 2564 PAannvs.

80 2581 157 2626 615
186 2583 303 2635 Quid
330 2585 439 2622 istuc
468 2584 560 2623 est?
