1676 2976
152 0 231 46 ff
330 32 371 42 Μ.

158 46 202 52 ’
297 77 302 83 ·
351 77 1198 119 HEAVTONTIMORVMENOS.
1371 92 1445 132 199

213 177 415 215 Animum
442 189 534 216 non
563 177 729 217 advorti
756 179 964 230 primum;
1004 187 1070 217 set
1100 187 1329 232 postquam
1365 178 1439 218 ad-

842 243 974 294 spexi,
1001 241 1119 280 illico
1287 247 1290 250 ’

104 303 181 349 605
211 304 424 358 Cognovi,
454 304 509 344 ad
538 315 580 344 te
612 306 770 344 exsilui.

641 371 898 409 Canama&

637 433 756 486 Quid
781 446 896 472 nunc
925 434 1140 485 suspicare
1169 443 1241 472 aut
1268 433 1432 472 invenis

203 495 271 533 De
300 494 400 534 illa?

630 559 723 599 Sos
736 573 913 598 TRATA.

442 623 617 672 Nescio,
643 625 727 662 nisi
756 637 806 662 ex
832 626 923 674 ipsa
952 638 1145 677 quaeras,
1172 624 1289 664 unde
1317 624 1430 662 hunc

830 685 1040 737 habuerit,

202 749 245 786 Si
272 752 386 801 potis
417 760 479 789 est
507 748 712 802 reperiri.v

508 855 510 858 ,
670 815 845 852 Svnvs

545 877 712 916 Interii!
746 877 840 929 plus
870 870 1118 931 spe⁵video,
1146 892 1273 932 quam
1299 877 1421 918 volo:

198 941 353 979 Nostra
382 952 458 990 est,
489 944 523 980 si
550 944 608 980 ita
638 951 712 979 est.

629 1006 883 1044 Canauna

564 1071 737 1107 Vivitne
766 1068 852 1116 illa,
883 1070 949 1106 cui
979 1080 1024 1108 tu
1053 1069 1263 1108 dederas?

615 1133 899 1174 Son-RATA.

1248 1196 1416 1233 Nescio.

625 1261 879 1300 Canauna

194 1321 311 1375 Quid
336 1323 593 1361 renuntiavit
621 1323 752 1361 olim?

611 1387 893 1426 Sosi-RATA.

781 1451 948 1490 Fecisse
976 1451 1022 1490 id
1050 1452 1170 1504 quod
1196 1454 1411 1490 iusseram.

622 1515 876 1554 CHREMES.

86 1577 162 1615 610
187 1578 359 1616 Nomen
386 1574 554 1615 mulieri
583 1578 692 1616 cedo
723 1579 842 1631 quod
868 1581 936 1628 sit,
965 1589 1013 1618 ut
1040 1590 1278 1632 quaeratur.
1312 1598 1318 1603 ·

612 1641 893 1681 SOSTRATA.

1211 1705 1409 1747 Philtere.

658 1767 831 1806 SYRvs.
1073 1775 1083 1791 '

193 1830 286 1882 Ipsa
315 1832 396 1868 est!
430 1831 598 1878 mirum,
626 1832 670 1867 ni
700 1831 769 1869 illa
799 1832 911 1871 salva
941 1843 1004 1872 est
1031 1843 1074 1872 et
1102 1846 1183 1887 ego
1211 1836 1343 1886 perii!

627 1895 877 1936 CHREMES.

1208 1962 1410 2012 Sostrata,

190 2019 377 2072 Sequere
406 2033 475 2059 me
504 2022 616 2059 intro
646 2019 737 2060 hac.

610 2085 635 2121 S
651 2098 676 2123 ο
688 2100 704 2123 s
715 2098 773 2123 TR
787 2099 845 2122 AT
856 2100 892 2125 A.

356 2148 415 2185 Vt
440 2157 612 2198 praeter
638 2162 758 2200 spem
788 2152 950 2189 evenit!
981 2165 1107 2204 quam
1136 2153 1254 2190 timui
1281 2152 1408 2202 male,

188 2211 254 2248 Ne
281 2222 396 2248 nunc
416 2212 559 2250 animo
579 2213 637 2250 ita
658 2226 768 2250 esses
790 2213 914 2262 duro,
943 2225 990 2253 ut
1010 2215 1112 2254 olim
1130 2218 1177 2255 in
1197 2215 1408 2266 tollendo,
1425 2247 1428 2249 -

816 2275 1019 2316 Chreme!

618 2340 874 2380 cunnus&

187 2401 286 2439 Non
312 2399 413 2439 licet
441 2398 659 2442 hominem
689 2418 781 2443 esse
799 2419 937 2456 saepe
965 2407 1039 2454 ita,
1067 2417 1113 2445 ut
1139 2406 1243 2457 volt,
1277 2422 1343 2448 res
1372 2410 1406 2448 si

813 2482 904 2508 non
931 2471 1047 2516 sinit;
1205 2471 1215 2479 ⁴
