1676 2976
268 138 346 180 226
735 133 781 174 Ρ.
828 129 1130 172 TERENTI

269 243 348 293 945
372 238 457 279 Aut
483 234 625 283 scibis,
654 234 771 273 cuius
799 232 869 271 sin.
1566 276 1588 295 a

795 295 1071 335 emmeno.
1583 296 1586 297 ’

670 358 804 401 Recte
830 357 1002 397 suades:
1031 356 1199 396 faciam.

849 421 1028 460 Sravm

1145 483 1219 523 Sat
1247 493 1363 523 recte
1392 483 1476 523 hoc
1506 482 1610 521 mihi

377 553 428 593 In
462 561 649 591 mentem
683 551 825 589 venit:
873 559 1063 601 namque
1109 547 1359 587 adolescens
1404 561 1528 601 quam
1566 550 1612 586 iu

1006 624 1083 662 spe
1114 613 1196 651 erit
1223 614 1409 650 minuma
1439 613 1559 658 situs,

379 682 488 721 Tam
533 681 664 732 patris
711 690 864 730 pacem
910 674 1129 715 facillume
1165 674 1366 715 conficiet
1411 676 1455 714 in
1494 673 1610 728 leges

1010 752 1126 785 suas:

381 809 469 849 Etsi
506 805 620 846 haud
657 806 772 854 scio,
810 818 921 844 anne
956 816 1133 842 uxorem
1174 802 1301 841 ducat
1336 816 1385 842 ac
1413 803 1521 858 Syro
1550 802 1612 841 nil

1014 869 1191 921 gratiae.

383 936 502 992 Quid
531 934 614 975 hoc
643 933 813 974 autem?
839 933 954 972 foras
975 934 1058 970 exit
1077 944 1229 970 senex:
1261 943 1342 984 ego
1364 929 1509 983 fugio:
1540 930 1614 968 ad·

1008 993 1105 1043 huc,
1134 994 1255 1048 quod
1284 994 1440 1032 factum
1473 1004 1549 1041 est,

278 1073 358 1123 9⁵⁰
385 1066 538 1113 Miror,
565 1075 658 1102 non
686 1063 855 1101 iussisse
874 1059 991 1099 illico
1013 1058 1150 1111 abripi
1170 1071 1252 1097 me.
1281 1058 1349 1097 Ad
1369 1056 1481 1097 hunc
1501 1071 1615 1097 nunc

1012 1136 1212 1177 pergam:

382 1194 490 1234 Eum
517 1189 618 1230 mihi
647 1198 919 1244 precatorem
939 1202 1068 1241 paro:
1098 1196 1249 1226 nostro
1273 1185 1358 1225 fide
1377 1185 1439 1225 nil
1458 1185 1613 1225 habeo.

518 1507 935 1560 SOSTRATA.
1004 1505 1380 1554 CHREMES.

812 1638 1094 1678 Sosium-A.

386 1706 602 1755 Profecto,
629 1705 713 1744 nisi
743 1715 864 1743 cavea
894 1714 954 1750 tu,
983 1699 1131 1750 homo,
1163 1699 1325 1754 aliquid
1354 1712 1484 1756 gnato
1515 1713 1618 1739 con-

1010 1764 1124 1804 ficies
1154 1764 1268 1812 mali,
1499 1766 1549 1803 V.
1579 1771 1617 1810 5.

382 1835 520 1889 quue
549 1833 660 1873 adeo
689 1833 846 1879 miror,
874 1830 947 1883 qui
977 1827 1053 1867 tibi
1084 1839 1167 1867 tam
1197 1830 1416 1881 ineptum,
1451 1831 1510 1868 rni
1539 1831 1615 1877 vir,
1674 1844 1676 1847 ⁴

1017 1893 1238 1946 quidpiam

381 1964 544 2003 Venire
572 1964 617 2000 in
644 1969 833 2000 mentem
862 1958 1066 2011 potuerit.

822 2022 1082 2062 Cumanam

278 2098 356 2147 955
384 2092 550 2145 Pergin'
583 2103 674 2130 esse
702 2085 883 2128 mulier?
910 2085 1097 2124 ullamne
1125 2093 1311 2139 unquam
1341 2098 1423 2139 ego
1452 2098 1542 2124 rem
1571 2086 1616 2124 in

1011 2152 1094 2188 vita
1125 2161 1219 2188 mea

384 2218 532 2268 Volui,
561 2218 664 2272 quin
694 2225 738 2254 tu
766 2216 811 2254 in
841 2226 891 2253 ea
919 2226 966 2252 re
994 2215 1052 2251 mi
1073 2212 1335 2252 advorsari-ix
1359 2212 1507 2261 fueris,
1535 2213 1612 2252 So-

957 2282 976 2301 *
1013 2275 1171 2317 strata?
1663 2296 1676 2336 ἕ

382 2348 436 2387 At
462 2348 497 2386 εἰ
525 2347 609 2385 iam
636 2345 844 2399 rogitem,
882 2341 987 2396 quid
1023 2351 1107 2389 est,
1142 2340 1263 2395 quod
1299 2344 1504 2393 peccem,
1542 2350 1612 2379 aut
1666 2337 1676 2348 *⁴

890 2404 1167 2459 quamobrem
1199 2404 1244 2443 id
1274 2404 1420 2453 facias,
1448 2406 1610 2444 nescias

384 2475 446 2523 ld,
474 2486 604 2530 quare
631 2485 747 2513 nunc
775 2480 858 2510 tam
890 2469 1158 2509 confidenter
1183 2479 1332 2518 restas,
1361 2467 1513 2508 stulta!

801 2534 1087 2574 Sos‘nu‘u.

1310 2596 1402 2651 Ego
1429 2594 1608 2635 nescio?
