1676 2976
254 96 327 140 ῳ
724 82 767 121 P.
802 19 1099 126 suffla-1

356 185 543 237 Propera
559 186 567 220 3
599 181 702 236 quid
730 180 840 220 stas?

819 242 852 281 C
863 255 887 281 ι,
898 255 910 280 1
920 255 947 280 n
956 255 970 281 ι
980 255 1017 281 Α.

569 311 662 349 Vae
691 306 794 346 mihi
824 308 1006 345 misero!
1037 316 1194 361 quanta
1223 307 1278 347 de
1306 322 1382 361 spe
1412 306 1576 347 decidi!

778 372 932 410 Οιιτι
946 384 1002 409 1²¹³
1014 383 1054 409 0.

356 439 474 492 Quid
503 437 638 476 istuc?
666 449 776 489 quae
805 449 871 474 res
903 445 943 474 te
972 434 1174 474 sollicitat
1202 435 1372 475 autem?

819 500 1021 539 Cuma.

1127 561 1319 617 Rogitas,
1347 560 1452 615 quid
1478 559 1583 600 siet?

251 643 326 669 200
354 630 508 669 Viden*
540 627 738 676 ancillas,
776 640 949 675 aurum,
987 636 1173 674 vestem,
1211 640 1337 679 quam
1374 638 1455 680 ego
1486 638 1581 663 cum

982 703 1068 730 una
1096 689 1296 729 ancillula

354 758 433 796 Hic
461 756 644 811 reliqui?
670 755 788 795 unde
818 769 909 794 esse
939 754 1116 794 censes?

784 821 1059 859 Cumano.

890 880 999 932 Vah,
1027 894 1142 922 nunc
1171 880 1342 921 demum
1372 880 1580 936 intelligo.

822 948 1006 987 Svnvs.

354 1015 410 1054 Di
438 1012 566 1062 boni,
602 1012 706 1067 quid
735 1011 883 1051 turbae
914 1014 995 1050 est!
1034 1012 1162 1052 aedes
1199 1021 1373 1050 nostrae
1410 1012 1475 1050 vix
1513 1024 1581 1049 ca·

983 1078 1118 1128 pient,
1145 1078 1249 1115 scio.

357 1142 475 1196 Quid
505 1141 758 1181 comedent!
790 1141 895 1194 quid
924 1139 1119 1179 ebibent!
1152 1140 1256 1193 quid
1283 1154 1385 1180 sene
1407 1142 1485 1180 erit
1504 1153 1584 1180 no·

983 1214 1071 1242 stro
1100 1205 1323 1243 miserius?

353 1271 427 1309 Set
456 1283 580 1310 eccos
609 1269 754 1318 video,
783 1283 890 1323 quos
920 1267 1129 1308 volebam.

823 1334 1024 1373 Cunus.

875 1397 914 1436 O
945 1396 1129 1448 Iupiter,
1157 1393 1330 1433 ubinam
1361 1404 1423 1433 est
1451 1393 1584 1433 fides?

250 1469 327 1509 205
356 1464 468 1503 Dum
499 1476 581 1516 ego
610 1471 790 1515 propter
819 1470 884 1510 te,
930 1472 1098 1506 errans,
1139 1461 1274 1510 patria
1314 1474 1463 1507 careo,
1508 1460 1581 1497 de·

981 1535 1118 1570 mens,
1147 1532 1191 1559 tu
1220 1524 1379 1576 interca
1410 1523 1493 1561 loci

357 1589 747 1643 Conlocupletast1‚
776 1585 1017 1640 Antiphila,
1057 1596 1098 1625 te
1128 1596 1168 1625 et
1198 1600 1267 1625 me
1296 1589 1340 1625 in
1370 1586 1430 1625 his
1461 1586 1582 1625 dese-

979 1653 1097 1690 ruisti
1126 1650 1262 1698 malis,

355 1721 536 1773 Propter
565 1732 691 1773 quam
721 1720 766 1756 in
794 1728 956 1755 summa
985 1714 1159 1754 infamia
1188 1728 1279 1754 sum
1311 1725 1352 1754 ot
1382 1728 1479 1753 meo
1509 1728 1582 1766 pa-

983 1781 1034 1818 tri
1064 1781 1202 1818 minus
1232 1778 1488 1832 obsequens,

355 1848 486 1887 Cuius
514 1860 629 1886 nunc
656 1846 792 1899 pudet
820 1857 889 1883 me
919 1853 960 1883 et
988 1845 1184 1891 miseret,
1213 1844 1286 1895 qui
1316 1841 1461 1881 harum
1492 1856 1582 1881 mo-

983 1922 1049 1947 res
1081 1906 1277 1946 cantabat
1306 1907 1423 1953 mihi,

355 1977 578 2015 Monuisse
619 1973 771 2012 frustra
809 1986 951 2026 neque
988 1973 1180 2024 potuisse
1220 1986 1287 2009 me
1316 1984 1502 2023 unquam
1531 1969 1583 2010 ab

985 2034 1064 2074 hac
1094 2035 1332 2087 expellere:

252 2117 328 2143 210
357 2102 489 2158 Quod
517 2105 600 2142 iam
628 2115 744 2142 nunc
772 2100 941 2150 faciam,
970 2110 1073 2148 tum,
1104 2113 1198 2139 cuin
1229 2109 1394 2154 gratum
1413 2100 1470 2137 mi
1492 2112 1583 2139 esse

982 2167 1139 2218 potuit,
1157 2163 1302 2203 nolui.

355 2232 428 2270 Me
457 2232 653 2269 miserior
680 2232 832 2269 nemo!

837 2294 1007 2333 Svnvs

680 2357 759 2395 Hic
790 2358 845 2396 de
875 2358 1029 2396 nostris
1059 2355 1198 2395 verbis
1229 2364 1340 2394 errat
1369 2351 1582 2393 videlicet.

357 2422 479 2475 Quae
510 2420 577 2460 hic
598 2435 736 2462 sumus
758 2420 902 2460 locuti.
928 2444 972 2451 ·-
1003 2419 1158 2467 Clinia,
1188 2418 1311 2458 aliter
1330 2428 1445 2456 mum
1467 2430 1582 2455 amo-

986 2497 1076 2526 rem
1105 2493 1232 2536 atque
1263 2492 1324 2522 est
1353 2482 1528 2532 accipis:
